3025 4725
718 588 920 662 -lll-

329 732 465 807 omnino
480 742 605 804 restant
621 736 867 825 splendescente
883 734 1037 812 bistorit3
1060 734 1217 823 praedicta
1235 756 1303 824 por—

328 858 415 911 tenta
426 842 516 909 nulla
534 842 651 909 motivo
668 840 850 907 rationabili
867 842 1023 907 nituntur.
1039 838 1180 906 aeonas
1193 843 1223 907 ia
1236 842 1305 909 Pon·

324 948 477 1015 tatcucbo
500 947 585 1015 clare
602 947 802 1015 deliniuntur
825 964 985 1033 personae,
999 952 1147 1025 eventus,
1169 960 1305 1037 tempori

325 1070 359 1123 et
369 1055 437 1121 loca
448 1078 456 1134 3
467 1054 547 1120 locta
564 1056 646 1120 inter
660 1075 694 1119 se
711 1054 893 1131 cohoerent3
907 1050 1053 1140 prodigia
1066 1060 1142 1119 raro
1156 1064 1308 1142 apparent

326 1179 437 1228 rerutn
466 1158 671 1248 primordiis,
705 1158 870 1225 crebriora
894 1169 1003 1225 autem
1030 1158 1313 1228 fluntlabentrbut

328 1266 469 1345 saeculis,
500 1266 667 1331 abundant
698 1264 900 1352 temporibus
928 1264 1100 1343 historicis,
1116 1268 1315 1369 semperm-

328 1370 441 1439 titntur
456 1372 561 1437 causis
575 1370 737 1455 legitimis.

374 1476 412 1543 2⁰
437 1476 516 1543 llale
533 1477 687 1565 probatur
700 1474 958 1543 adversariorum
976 1484 1136 1563 systema:

372 1580 418 1649 Ad
437 1583 515 1648 1⁸²:
535 1583 625 1649 ilatio
642 1582 736 1647 allata
754 1580 870 1647 nititur
892 1580 973 1646 lalso
992 1579 1175 1669 supposito.
1194 1583 1312 1651 Adver-

325 1688 500 1758 sariienim
517 1701 703 1777 supponunt
715 1687 886 1753 bominem
906 1691 924 1753 lt
941 1686 1086 1772 sylvestri
1099 1688 1164 1755 vitu
1177 1692 1221 1756 ad
1237 1688 1310 1758 civi·

328 1792 393 1861 lem
410 1792 509 1861 luisse
521 1813 741 1881 progressum,
761 1790 898 1879 ejusque
911 1791 1076 1858 facultates
1089 1814 1147 1880 per
1163 1816 1201 1861 se
1220 1810 1253 1861 et
1264 1796 1309 1861 ia·

326 1898 550 1987 dependenter
563 1898 603 1965 ab
620 1898 708 1963 omni
721 1898 1026 1964 revelatione-luisse
1037 1900 1197 1973 evolutas.
1212 1904 1308 1969 Porro
1411 1933 1412 1952 2

327 2004 427 2090 hujus
443 2004 629 2089 hypothesis
642 2002 761 2071 salsitas
774 2018 823 2071 sat
837 2004 923 2071 clare
939 2013 1112 2077 constater
1129 2007 1264 2076 historie
1279 2018 1310 2077 cl

326 2109 539 2173 antetdictis.
1411 2115 1412 2118 ’

372 2212 419 2279 Ad
432 2212 510 2277 2¹¹³:
531 2213 563 2279 l.
581 2212 623 2280 Ex
641 2236 679 2283 eo
697 2216 784 2303 qued
802 2218 932 2304 mytbus
947 2221 1129 2307 reperiatur
1143 2222 1227 2310 apud
1243 2242 1302 2290 ete·

327 2330 411 2383 teras
436 2329 560 2402 gentes,
581 2338 645 2386 non
663 2320 810 2408 sequitur
830 2322 1096 2406 tentaroactram,
1114 2326 1145 2392 in
1164 2345 1229 2411 qno
1242 2344 1299 2408 ge·

322 2421 414 2489 neris
431 2423 563 2490 humani
582 2425 758 2514 populique
779 2427 943 2494 israelitici
962 2430 1088 2496 exordia
1103 2427 1286 2502 referantur,

327 2525 408 2596 nihil
424 2528 512 2596 aliud
526 2551 597 2599 esse
609 2536 706 2620 quim
723 2532 871 2598 collectio
893 2535 1083 2620 mytborum.
1104 2532 1183 2599 Gens
1201 2527 1285 2594 enim

327 2633 457 2704 bebrua
470 2640 584 2726 potuit
603 2639 643 2705 ab
659 2659 770 2706 errore
787 2643 975 2726 presentari
1000 2661 1056 2730 per
1070 2634 1292 2728 providentiam

325 2743 383 2809 Dei
407 2746 592 2832 specialem.
612 2747 679 2812 lmn
703 2746 837 2812 historia
856 2759 981 2812 constat
999 2760 1032 2813 et
1046 2746 1127 2813 inirlt
1142 2742 1298 2812 ridebitur

326 2843 410 2915 banc
430 2853 663 2937 providentiam
680 2856 786 2940 reipsa
800 2851 958 2918 exstitisse
975 2852 1153 2936 ingratiam
1169 2846 1305 2917 nationis

322 2952 473 3036 Judaiooe.
485 2993 527 3004 -
540 2957 574 3020 2.
594 2957 744 3022 lderititss
758 2979 831 3042 quae
842 2957 1006 3042 detegriur
1017 2958 1104 3026 inter
1118 2957 1304 3025 traditiones

207 3094 209 3098 -
325 3055 460 3138 gentiles
476 3070 508 3122 ot
518 3061 676 3143 quasdam
694 3059 902 3129 pentateuchi
918 3077 1023 3150 partes
1035 3078 1141 3151 potest
1153 3060 1307 3154 explteari

323 3160 446 3247 partlm·
458 3181 516 3248 per
532 3163 759 3232 revelationem
778 3168 991 3254 primitivam,
1017 3177 1134 3258 partlm
1151 3192 1212 3259 per
1221 3169 1305 3238 rela-

325 3265 428 3333 tiones
449 3289 528 3356 quas
540 3268 665 3336 Hebraei
685 3290 760 3337 cum
776 3274 927 3358 gentibus
939 3277 1136 3344 babuerunt.
1150 3275 1310 3345 Veritatet

325 3374 410 3440 enim
429 3397 510 3461 quas
532 3376 621 3442 Dens
642 3383 941 3467 proto-parentibus
963 3383 1264 3450 communicaverat
1278 3391 1307 3446 et

318 3478 403 3546 'laete
416 3481 567 3567 primaria
588 3480 731 3550 historice
748 3487 899 3557 hnmanae
912 3489 1044 3556 inerant
1056 3491 1180 3573 integre
1200 3503 1305 3556 trans

324 3585 419 3650 missa
438 3585 469 3649 in
484 3586 587 3672 primu
610 3590 776 3661 societate.
789 3597 863 3663 Post
879 3595 1103 3663 contusionem
1119 3594 1310 3679 linguarum

201 3775 207 3783 ,
323 3689 1305 3790 etdispersionemgenerislruntani·,dueespnpulorumapttd

321 3793 462 3862 diversas
490 3801 639 3886 regiones
669 3811 874 3893 asportlrunt
894 3808 1065 3896 praedictas
1089 3805 1307 3890 cognitiones,

320 3921 400 3988 qaas
421 3913 540 3984 sensim
564 3907 789 3978 adultertrunt
805 3912 968 3995 homines,
993 3913 1069 3983 licet
1090 3911 1306 3983 tttbtttntiem
