3025 4725
88 2561 92 2592 t

636 340 837 409 *roa-

232 497 317 555 sunt
334 486 426 570 opud
436 500 493 551 nos
508 485 730 551 discordantes
746 496 776 549 et
786 485 1134 571 sihirnctrepnpnontes
1143 512 1155 566 ;
1167 492 1225 555 scd

234 594 444 659 solumunodo
460 592 575 677 uipinti
590 592 653 656 dcto
675 590 830 685 habentes
853 592 1006 675 temporis
1030 594 1125 659 tutius
1152 596 1222 659 des-

235 700 447 785 criptiunano,
460 698 775 785 quorttmjuctdfides
787 698 981 765 admittitur.
995 698 1120 764 Horum
1129 701 1223 785 quin*

236 827 303 891 qne
318 816 395 872 sunt
410 806 547 881 Moesos,
566 805 622 888 qni
643 804 830 882 nativitates
841 804 1013 880 ³continent
1029 815 1060 869 ct
1075 806 1224 873 romanu

236 910 461 993 persecutionis
477 910 684 975 traditionem
698 928 799 993 usqne
814 910 861 973 od
874 909 943 991 ojna
958 921 1093 976 mortens
1111 939 1125 970 ι
1142 913 1198 993 (t).
1276 943 1281 949 ·

289 1014 371 1081 Cum
388 1015 511 1081 Judoeis
522 1016 726 1081 consentiunt
748 1014 952 1081 Samaritani.
967 1015 1030 1081 Etsi
1040 1016 1163 1083 tudaeis
1179 1019 1225 1084 in-

238 1116 439 1199 iensissinri,
469 1138 597 1207 semper
621 1132 727 1185 tamen
753 1119 954 1185 admiserunt
969 1121 1221 1189 Pentateuchum

240 1237 277 1291 ut
292 1222 471 1309 genuinum
489 1244 571 1312 opus
587 1224 702 1311 Moysis
714 1270 729 1303 ,„
741 1225 887 1311 quumvis
903 1227 1143 1313 repudiaverint
1159 1248 1222 1295 cce·

122 1406 123 1409 Ἴ
240 1344 328 1396 tenos
341 1326 442 1399 libros
460 1330 654 1397 recentiores
670 1328 874 1397 Judceorum.

289 1435 474 1516 Christiani,
489 1436 529 1503 de
542 1454 681 1523 quorum
694 1434 760 1502 tine
772 1436 856 1502 circa
866 1434 1077 1523 quaestionem
1086 1458 1222 1525 praesen·

129 1537 135 1557 ''
244 1554 307 1608 tem
329 1542 410 1608 nulli
424 1554 551 1612 sensato
565 1542 702 1610 dubium
719 1562 791 1609 csse
807 1550 923 1631 potest.

286 1646 519 1727 transiuerant,
538 1655 573 1713 ut
596 1654 720 1715 constat
736 1666 775 1714 ex
790 1645 958 1715 hicorano.

282 1752 375 1821 idern
414 1760 569 1822 testantur
593 1750 685 1819 multi
714 1754 885 1842 scriptores
910 1757 1047 1843 pagani,
1082 1775 1219 1843 quorum
1280 1805 1284 1809 -

239 1861 419 1947 fragmenta
441 1860 535 1927 nobis
556 1864 723 1955 scrrhruut
740 1861 884 1928 lustinus
912 1874 1054 1950 martyn
1073 1862 1220 1937 Clemens

236 1966 490 2047 Alexandrinus,
505 1966 664 2033 Eusebius
682 1966 778 2033 etalii
794 1966 860 2056 (hh
958 1997 961 2005 ,

277 2077 350 2145 huo
369 2073 496 2161 Celsus,
529 2071 737 2163 Porphyrius
756 2072 914 2154 Julianus,
933 2075 1097 2161 religionis
1114 2074 1221 2144 Chris·

235 2185 329 2251 tianae
359 2182 472 2251 hostes
500 2178 730 2259 infensissimi,
763 2187 931 2267 uunquam
954 2182 1222 2268 impugnaverunt

236 2288 515 2357 authenticitatem
528 2284 748 2367 pentateuchi,
768 2306 840 2353 cam
857 2286 995 2374 proinde
1008 2286 1101 2352 tacite
1118 2286 1221 2351 admi-

243 2410 361 2464 serunt.
405 2471 407 2476 ,
752 2455 756 2464 .
968 2406 972 2414 ’

292 2498 329 2559 2⁰
345 2499 471 2568 Constat
495 2498 536 2569 de
558 2497 759 2564 convictione
776 2487 903 2563 testium
921 2491 1173 2581 praeeitatorum.

299 2599 333 2664 Si
348 2606 421 2674 enirn
431 2617 527 2674 testes
540 2588 688 2694 proedicti
704 2624 770 2670 noo
792 2601 927 2668 fuissent
941 2596 1077 2666 conuicti
1101 2597 1143 2664 de
1163 2617 1220 2662 au·

252 2703 1222 2796 rnenttcianrecursantes-gotnorumimpostores,tosuti

244 2812 426 2880 suntenirn
440 2814 475 2886 de
497 2819 630 2886 veritate
646 2816 720 2884 iacti
751 2815 840 2904 quod
866 2815 984 2884 falsum
1007 2815 1221 2884 connubium
1280 2835 1287 2846 ’

240 2922 436 3020 hahuerunt.
447 2924 969 2996 Porrohaeccriminatioebsurda
981 2937 1041 2992 est.
1052 2925 1220 3013 Siquidem

237 3029 324 3100 nulii
337 3032 462 3101 ratione
479 3033 584 3102 valida
595 3032 718 3100 nititur.
736 3035 808 3100 Iuro
825 3045 873 3111 est
888 3032 1046 3111 absurda3
1065 3038 1221 3117 repugnat

238 3137 321 3204 enirn
347 3151 445 3206 testes
458 3140 660 3229 innumeros,
676 3138 819 3219 notione,
833 3139 955 3227 indole,
966 3135 1124 3219 moribus,
1143 3154 1220 3222 prae·

235 3241 378 3329 judiciis,
397 3245 630 3334 cupiditatibus
640 3247 725 3312 ,inter
736 3266 771 3312 se
781 3245 958 3333 oppositos,
971 3243 1020 3316 vel
1031 3248 1157 3332 sponte,
1172 3240 1221 3307 uei

238 3359 306 3437 post
331 3352 608 3440 conspirationem
631 3351 827 3418 unanimiter
854 3350 1037 3418 consentire
1068 3350 1118 3418 acl'
1136 3369 1221 3417 asse·

238 3457 373 3524 rendum
387 3457 511 3526 factum
521 3459 652 3540 falsum,
671 3466 726 3526 aut
741 3458 855 3526 saltem
872 3456 1021 3524 dubium.

267 3643 300 3707 (Ι)
315 3646 426 3730 loseph,
445 3650 547 3699 contra
564 3648 683 3710 Appios.
699 3645 754 3696 Lib.
772 3647 791 3707 l,
807 3629 877 3708 58(

266 3733 301 3802 tt)
320 3737 380 3789 vsu.
396 3735 530 3803 huetium,
540 3742 690 3793 ueneno.
706 3741 813 3798 uuonn
831 3735 907 3799 orep.
923 3733 962 3796 rr,
972 3747 1027 3794 cap.
1044 3732 1070 3780 a.

475 3821 480 3846 Ι
