3025 4725
610 438 881 517 -aar-'

220 585 394 660 exstitisse.
414 592 530 657 -ttes
553 592 685 659 suerunt
701 594 926 679 praenuntiatae
951 597 1050 661 modo
1071 588 1206 668 affirma

220 700 300 776 tivo,
314 710 346 763 et
361 716 435 763 eum
453 694 615 782 ejusmodi
632 696 878 764 circumstantiis
892 698 985 783 quod
1002 715 1205 770 removeatur

218 804 363 891 suspicio
381 803 422 869 de
453 802 684 891 concor-dantia
707 802 837 870 fortuita
856 803 1106 889 praedictionum
1129 825 1205 873 cum

218 922 338 977 eventu
355 932 362 972 :
380 910 497 973 Earum
511 908 709 994 expositione
726 916 862 975 constat.

263 1016 303 1081 2⁰
318 1014 638 1083 Vaticiniaverificata
650 1013 865 1081 sueruntcum
882 1015 1204 1085 amnibuscircums-

219 1122 349 1189 tantiis:
373 1122 407 1185 lo
429 1118 624 1207 praecedenti
640 1121 860 1208 propositione
876 1120 1048 1207 probatum
1065 1135 1125 1190 est.

265 1227 303 1291 3⁰
335 1228 423 1292 Deus
456 1240 504 1291 est
530 1238 642 1291 auctor
673 1226 808 1291 istarum
830 1226 1110 1313 praedictionum:
1152 1229 1204 1295 si-

216 1334 351 1421 quidem
373 1332 442 1399 istte
469 1332 692 1419 praedictiones
720 1337 793 1396 non¹
813 1340 948 1419 possunt
974 1334 1107 1402 attribui
1121 1350 1203 1422 pre-
1294 1384 1300 1391 „
1361 1361 1365 1368 ’

216 1439 334 1506 visioni
372 1438 543 1517 humanae,
572 1460 632 1505 nec
659 1438 829 1503 diabolicae
854 1437 1075 1524 inspirationi.
1104 1440 1203 1521 Quod

215 1554 342 1611 constat
367 1552 433 1607 rot.
457 1550 531 1626 pert.
552 1542 584 1607 l.
616 1540 776 1624 Quaedam
801 1542 819 1604 ὁ
844 1538 1001 1607 vaticiniis
1029 1542 1201 1629 prae'citatis

215 1650 339 1716 habent
354 1668 412 1735 pro
435 1645 563 1733 objecto
579 1646 886 1734 praenuntiationem
905 1647 1136 1723 miraculorum
1147 1671 1156 1728 3
1167 1670 1198 1714 v.

216 1777 249 1841 g.
265 1753 479 1842 praenuntiata
492 1752 624 1820 luerunt
651 1750 807 1823 miracula
831 1750 975 1830 llessiae,
994 1750 1066 1840 ejas
1092 1775 1202 1821 resur-

216 1863 317 1929 rectio
336 1873 368 1926 et
386 1858 553 1937 ascensio,
572 1858 687 1923 allusio
706 1858 868 1925 donorum
889 1857 1026 1945 Spiritus
1042 1859 1089 1936 S„
1101 1861 1201 1927 Porro

216 1963 539 2053 anteirprobavimus,
560 1961 616 2025 ubi
636 1961 675 2025 da
691 1961 880 2045 Propdetid‚
907 1962 1064 2047 originem
1088 1963 1200 2044 talium

216 2074 465 2163 praedictionum
481 2090 577 2159 posse
594 2077 683 2137 certo
706 2068 861 2137 affirmari
877 2062 1040 2151 divinam
1058 2072 1201 2141 miracu⁴

214 2183 282 2250 lurn
305 2181 416 2258 enim,
436 2183 510 2245 cum
535 2177 673 2264 pendeat
688 2176 892 2251 avoluntate
910 2173 1089 2252 liberabat
1104 2224 1113 2257 ,
1132 2200 1201 2255 non

212 2293 321 2374 potest
332 2280 553 2372 praecagnoaci
568 2280 629 2345 nisi
639 2300 697 2368 per
713 2279 941 2349 revelationem
974 2279 1131 2357 divinam.
1160 2280 1196 2343 2.

213 2392 367 2460 Vaticinia
380 2389 556 2477 praecitata,
568 2387 680 2453 saltem
703 2387 728 2452 si
748 2397 918 2452 sumantur
933 2385 966 2448 in
983 2384 1105 2468 globo,
1123 2401 1201 2451 suut

220 2494 318 2577 primi
332 2495 469 2578 generis,
482 2495 590 2573 idest,
610 2493 763 2581 praevisio
777 2503 822 2556 tot
844 2499 875 2557 et
889 2489 1003 2572 talium
1022 2500 1199 2560 eventuum

223 2597 403 2664 maniieste.
419 2599 544 2668 excedit
573 2600 782 2687 capacitatem
818 2594 991 2682 cujuslibet
1025 2608 1195 2665 creaturae.

224 2698 400 2768 -Constat
411 2707 502 2774 etiam
514 2716 581 2771 rat.
597 2726 683 2790 apae.
705 2706 736 2770 l.
756 2704 894 2770 Eventus
909 2701 1114 2789 praenuntiati
1131 2691 1201 2768 non

217 2820 400 2896 potuerunt
411 2810 447 2874 ab
461 2813 648 2880 hominibus
676 2809 871 2900 praevideri3
894 2813 971 2877 cam
990 2830 1055 2874 nou
1074 2830 1193 2896 pepen-

215 2914 673 2986 derintdeausisnatutulibus
687 2915 979 3003 sirephysicissive
1002 2915 1195 2985 moralibus.

212 3018 354 3086 Aliunde*
369 3041 408 3086 eo
420 3033 521 3109 magis
538 3023 738 3109 impossibile
754 3022 815 3088 suit
825 3022 885 3087 bos
895 3035 1027 3088 eventus
1038 3023 1078 3090 ab
1091 3023 1197 3088 homi-

209 3146 252 3191 ne
267 3128 450 3212 praevideri,
474 3151 540 3216 quo
564 3129 792 3216 praedictiones
820 3127 916 3193 editae
943 3126 1096 3198 luerintb
1124 3126 1196 3212 plu-

209 3232 492 3321 ribusprophetis,
511 3217 779 3321 temporibusque
794 3235 878 3306 inter
893 3253 929 3298 ae
939 3231 1035 3314 longe
1047 3231 1194 3299 diversis.

209 3337 244 3402 ἓ.
271 3338 501 3406 Praedictiones
529 3341 609 3406 istae
627 3362 693 3406 non
719 3352 855 3427 possunt
871 3336 1000 3405 attribui
1028 3328 1197 3403 diabolice

208 3441 425 3528 inspirationi,
446 3449 522 3510 eiam
538 3445 683 3512 doctrina
695 3445 727 3510 in
745 3441 839 3528 cujus
857 3443 1004 3526 >gratiana
1016 3456 1142 3520 exstant
1157 3445 1198 3540 sit

209 3543 252 3608 de
264 3563 300 3610 se
316 3546 531 3614 sanctissima.

258 3649 369 3716 Conci.
382 3653 774 3742 Ergo-prophetiaecitatae
784 3653 871 3717 certo
884 3649 1023 3737 probant
1032 3649 1197 3730 Christum

209 3756 443 3824 esseblessiam
461 3781 592 3839 verum„
609 3779 717 3826 veram
735 3757 870 3846 proinde
902 3777 938 3824 ao
964 3757 1103 3822 divinam
1126 3777 1197 3822 esse
