<?xml version="1.0" encoding="UTF-8"?>
<!DOCTYPE html PUBLIC "-//W3C//DTD XHTML 1.0 Transitional//EN"
    "http://www.w3.org/TR/xhtml1/DTD/xhtml1-transitional.dtd">
<html xmlns="http://www.w3.org/1999/xhtml" xml:lang="en" lang="en">
 <head>
  <title>
</title>
<meta http-equiv="Content-Type" content="text/html;charset=utf-8" />
  <meta name='ocr-system' content='tesseract 3.04.00' />
  <meta name='ocr-capabilities' content='ocr_page ocr_carea ocr_par ocr_line ocrx_word'/>
</head>
<body>
  <div class='ocr_page' id='page_1' title='image "./theologiadogmat02fraigoog/theologiadogmat02fraigoog_0346.png"; bbox 0 0 3025 4725; ppageno 0'>
   <div class='ocr_carea' id='block_1_1' title="bbox 721 665 923 730">
    <p class='ocr_par' dir='ltr' id='par_1_1' title="bbox 721 665 923 730">
     <span class='ocr_line' id='line_1_1' title="bbox 721 665 923 730; baseline -0.005 0"><span class='ocrx_word' id='word_1_1' title='bbox 721 665 855 730; x_wconf 71' lang='lat'>-256</span> <span class='ocrx_word' id='word_1_2' title='bbox 885 702 923 713; x_wconf 91' lang='lat'><em>-</em></span> 
     </span>
    </p>
   </div>
   <div class='ocr_carea' id='block_1_2' title="bbox 313 782 1399 3092">
    <p class='ocr_par' dir='ltr' id='par_1_2' title="bbox 331 782 1318 1207">
     <span class='ocr_line' id='line_1_2' title="bbox 348 782 1318 895; baseline -0.006 -21"><span class='ocrx_word' id='word_1_3' title='bbox 348 782 352 793; x_wconf 38' lang='lat'>⁵</span> <span class='ocrx_word' id='word_1_4' title='bbox 378 808 545 895; x_wconf 88' lang='lat' dir='ltr'>Siquidem</span> <span class='ocrx_word' id='word_1_5' title='bbox 561 803 670 871; x_wconf 87' lang='lat' dir='ltr'>nulius</span> <span class='ocrx_word' id='word_1_6' title='bbox 694 818 812 892; x_wconf 83' lang='lat' dir='ltr'>praeter</span> <span class='ocrx_word' id='word_1_7' title='bbox 833 803 996 869; x_wconf 81' lang='lat' dir='ltr'>Christum</span> <span class='ocrx_word' id='word_1_8' title='bbox 1022 802 1178 887; x_wconf 80' lang='lat' dir='ltr'>assignari</span> <span class='ocrx_word' id='word_1_9' title='bbox 1209 812 1318 889; x_wconf 86' lang='lat' dir='ltr'>potest</span> 
     </span>
     <span class='ocr_line' id='line_1_3' title="bbox 332 909 1316 996; baseline -0.003 -18"><span class='ocrx_word' id='word_1_10' title='bbox 332 912 705 979; x_wconf 86' lang='lat' dir='ltr'>cuieonveniantonrnia</span> <span class='ocrx_word' id='word_1_11' title='bbox 722 910 765 975; x_wconf 84' lang='lat' dir='ltr'>dc</span> <span class='ocrx_word' id='word_1_12' title='bbox 787 909 899 975; x_wconf 74' lang='lat' dir='ltr'>Messio</span> <span class='ocrx_word' id='word_1_13' title='bbox 924 915 1062 976; x_wconf 82' lang='lat' dir='ltr'>venturo</span> <span class='ocrx_word' id='word_1_14' title='bbox 1084 910 1316 996; x_wconf 72' lang='lat' dir='ltr'>praenuntiata.</span> 
     </span>
     <span class='ocr_line' id='line_1_4' title="bbox 332 1013 1313 1105; baseline -0.003 -21"><span class='ocrx_word' id='word_1_15' title='bbox 332 1018 365 1084; x_wconf 83' lang='lat' dir='ltr'>si</span> <span class='ocrx_word' id='word_1_16' title='bbox 381 1016 453 1105; x_wconf 90' lang='lat' dir='ltr'>quis</span> <span class='ocrx_word' id='word_1_17' title='bbox 466 1018 552 1083; x_wconf 85' lang='lat' dir='ltr'>eninr</span> <span class='ocrx_word' id='word_1_18' title='bbox 569 1016 650 1082; x_wconf 89' lang='lat' dir='ltr'>alius</span> <span class='ocrx_word' id='word_1_19' title='bbox 667 1027 776 1104; x_wconf 87' lang='lat' dir='ltr'>posset</span> <span class='ocrx_word' id='word_1_20' title='bbox 791 1015 965 1099; x_wconf 82' lang='lat' dir='ltr'>assignari,</span> <span class='ocrx_word' id='word_1_21' title='bbox 979 1014 1037 1080; x_wconf 78' lang='lat' dir='ltr'>uei</span> <span class='ocrx_word' id='word_1_22' title='bbox 1059 1015 1146 1079; x_wconf 89' lang='lat' dir='ltr'>natio</span> <span class='ocrx_word' id='word_1_23' title='bbox 1164 1013 1313 1101; x_wconf 78' lang='lat' dir='ltr'>judaieo,</span> 
     </span>
     <span class='ocr_line' id='line_1_5' title="bbox 331 1116 1219 1207; baseline -0.005 -22"><span class='ocrx_word' id='word_1_24' title='bbox 331 1120 380 1186; x_wconf 88' lang='lat' dir='ltr'>vel</span> <span class='ocrx_word' id='word_1_25' title='bbox 398 1120 530 1207; x_wconf 88' lang='lat' dir='ltr'>quidam</span> <span class='ocrx_word' id='word_1_26' title='bbox 547 1119 754 1185; x_wconf 75' lang='lat' dir='ltr'>anteriorum</span> <span class='ocrx_word' id='word_1_27' title='bbox 771 1117 1092 1204; x_wconf 85' lang='lat' dir='ltr'>posterior-Christo.</span> <span class='ocrx_word' id='word_1_28' title='bbox 1109 1116 1219 1203; x_wconf 77' lang='lat' dir='ltr'>Atqui,</span> 
     </span>
    </p>

    <p class='ocr_par' dir='ltr' id='par_1_3' title="bbox 313 1222 1399 3092">
     <span class='ocr_line' id='line_1_6' title="bbox 379 1222 1317 1311; baseline 0 -20"><span class='ocrx_word' id='word_1_29' title='bbox 379 1226 411 1290; x_wconf 81' lang='lat' dir='ltr'>i.</span> <span class='ocrx_word' id='word_1_30' title='bbox 438 1223 669 1311; x_wconf 78' lang='lat' dir='ltr'>Natiojuduica&#39;</span> <span class='ocrx_word' id='word_1_31' title='bbox 686 1222 851 1288; x_wconf 87' lang='lat' dir='ltr'>evidenter</span> <span class='ocrx_word' id='word_1_32' title='bbox 871 1242 937 1288; x_wconf 90' lang='lat' dir='ltr'>non</span> <span class='ocrx_word' id='word_1_33' title='bbox 955 1242 1021 1311; x_wconf 86' lang='lat' dir='ltr'>prae</span> <span class='ocrx_word' id='word_1_34' title='bbox 1035 1245 1072 1289; x_wconf 91' lang='lat' dir='ltr'>se</span> <span class='ocrx_word' id='word_1_35' title='bbox 1095 1222 1160 1288; x_wconf 78' lang='lat' dir='ltr'>t‘crt</span> <span class='ocrx_word' id='word_1_36' title='bbox 1183 1222 1317 1291; x_wconf 81' lang='lat' dir='ltr'>charae·</span> 
     </span>
     <span class='ocr_line' id='line_1_7' title="bbox 328 1328 1315 1417; baseline -0.001 -20"><span class='ocrx_word' id='word_1_37' title='bbox 328 1344 415 1397; x_wconf 88' lang='lat' dir='ltr'>teres</span> <span class='ocrx_word' id='word_1_38' title='bbox 426 1331 481 1417; x_wconf 89' lang='lat' dir='ltr'>qui</span> <span class='ocrx_word' id='word_1_39' title='bbox 495 1330 535 1395; x_wconf 87' lang='lat' dir='ltr'>de</span> <span class='ocrx_word' id='word_1_40' title='bbox 549 1328 797 1395; x_wconf 76' lang='lat' dir='ltr'>Messiat&#39;uerant</span> <span class='ocrx_word' id='word_1_41' title='bbox 813 1329 1031 1415; x_wconf 70' lang='lat' dir='ltr'>praenuntiati.</span> <span class='ocrx_word' id='word_1_42' title='bbox 1049 1330 1083 1394; x_wconf 68' lang='lat' dir='ltr'>h.</span> <span class='ocrx_word' id='word_1_43' title='bbox 1102 1331 1197 1395; x_wconf 86' lang='lat' dir='ltr'>Facto</span> <span class='ocrx_word' id='word_1_44' title='bbox 1215 1332 1315 1396; x_wconf 84' lang='lat' dir='ltr'>etiam</span> 
     </span>
     <span class='ocr_line' id='line_1_8' title="bbox 331 1433 1314 1523; baseline -0.003 -20"><span class='ocrx_word' id='word_1_45' title='bbox 331 1434 591 1503; x_wconf 84' lang='lat' dir='ltr'>constatnnhum</span> <span class='ocrx_word' id='word_1_46' title='bbox 603 1446 676 1499; x_wconf 89' lang='lat' dir='ltr'>ante</span> <span class='ocrx_word' id='word_1_47' title='bbox 690 1433 851 1500; x_wconf 74' lang='lat' dir='ltr'>Christum</span> <span class='ocrx_word' id='word_1_48' title='bbox 866 1434 898 1497; x_wconf 92' lang='lat' dir='ltr'>in</span> <span class='ocrx_word' id='word_1_49' title='bbox 916 1455 951 1500; x_wconf 89' lang='lat' dir='ltr'>se</span> <span class='ocrx_word' id='word_1_50' title='bbox 963 1433 1179 1523; x_wconf 77' lang='lat' dir='ltr'>complevisse</span> <span class='ocrx_word' id='word_1_51' title='bbox 1203 1436 1314 1501; x_wconf 87' lang='lat' dir='ltr'>omnia</span> 
     </span>
     <span class='ocr_line' id='line_1_9' title="bbox 330 1538 1313 1630; baseline -0.001 -24"><span class='ocrx_word' id='word_1_52' title='bbox 330 1542 561 1630; x_wconf 87' lang='lat' dir='ltr'>prophetarum</span> <span class='ocrx_word' id='word_1_53' title='bbox 584 1540 744 1605; x_wconf 85' lang='lat' dir='ltr'>vaticinia.</span> <span class='ocrx_word' id='word_1_54' title='bbox 775 1539 808 1603; x_wconf 74' lang='lat'>3.</span> <span class='ocrx_word' id='word_1_55' title='bbox 838 1540 920 1605; x_wconf 82' lang='lat' dir='ltr'><strong>Item</strong></span> <span class='ocrx_word' id='word_1_56' title='bbox 945 1538 1026 1603; x_wconf 83' lang='lat' dir='ltr'>nulli</span> <span class='ocrx_word' id='word_1_57' title='bbox 1051 1551 1123 1626; x_wconf 87' lang='lat' dir='ltr'>post</span> <span class='ocrx_word' id='word_1_58' title='bbox 1145 1539 1313 1607; x_wconf 75' lang='lat' dir='ltr'>Christum</span> 
     </span>
     <span class='ocr_line' id='line_1_10' title="bbox 330 1644 1310 1731; baseline -0.001 -19"><span class='ocrx_word' id='word_1_59' title='bbox 330 1651 443 1713; x_wconf 86' lang='lat' dir='ltr'>omnes</span> <span class='ocrx_word' id='word_1_60' title='bbox 468 1646 591 1711; x_wconf 81' lang='lat' dir='ltr'>Messiae</span> <span class='ocrx_word' id='word_1_61' title='bbox 616 1644 817 1711; x_wconf 78' lang='lat' dir='ltr'>characteres</span> <span class='ocrx_word' id='word_1_62' title='bbox 843 1645 1016 1709; x_wconf 79' lang='lat' dir='ltr'>convenire</span> <span class='ocrx_word' id='word_1_63' title='bbox 1041 1657 1190 1731; x_wconf 89' lang='lat' dir='ltr'>possunt.</span> <span class='ocrx_word' id='word_1_64' title='bbox 1219 1647 1310 1711; x_wconf 82' lang='lat' dir='ltr'>Haud</span> 
     </span>
     <span class='ocr_line' id='line_1_11' title="bbox 331 1730 1309 1838; baseline 0.001 -22"><span class='ocrx_word' id='word_1_65' title='bbox 331 1750 461 1817; x_wconf 80' lang='lat' dir='ltr'>distroire</span> <span class='ocrx_word' id='word_1_66' title='bbox 474 1751 560 1817; x_wconf 86' lang='lat' dir='ltr'>enirn</span> <span class='ocrx_word' id='word_1_67' title='bbox 576 1748 769 1838; x_wconf 73' lang='lat' dir='ltr'>perspicitur</span> <span class='ocrx_word' id='word_1_68' title='bbox 782 1730 895 1813; x_wconf 77' lang='lat' dir='ltr'>omnes</span> <span class='ocrx_word' id='word_1_69' title='bbox 908 1750 964 1833; x_wconf 93' lang='lat' dir='ltr'>qui</span> <span class='ocrx_word' id='word_1_70' title='bbox 979 1750 1072 1813; x_wconf 90' lang='lat' dir='ltr'>titulo</span> <span class='ocrx_word' id='word_1_71' title='bbox 1093 1750 1220 1817; x_wconf 82' lang='lat' dir='ltr'>Messiae</span> <span class='ocrx_word' id='word_1_72' title='bbox 1247 1752 1309 1816; x_wconf 81' lang='lat' dir='ltr'>fue</span> 
     </span>
     <span class='ocr_line' id='line_1_12' title="bbox 327 1853 1309 1943; baseline -0.002 -20"><span class='ocrx_word' id='word_1_73' title='bbox 327 1868 404 1923; x_wconf 85' lang='lat' dir='ltr'>runt</span> <span class='ocrx_word' id='word_1_74' title='bbox 413 1857 686 1943; x_wconf 84' lang='lat' dir='ltr'>decoreti,qua1es</span> <span class='ocrx_word' id='word_1_75' title='bbox 698 1856 923 1942; x_wconf 79' lang='lat' dir='ltr'>Vespasianus,</span> <span class='ocrx_word' id='word_1_76' title='bbox 936 1853 1309 1933; x_wconf 83' lang='lat' dir='ltr'>Titus‚·Barchoehchas‚</span> 
     </span>
     <span class='ocr_line' id='line_1_13' title="bbox 330 1960 1399 2039; baseline 0.001 -14"><span class='ocrx_word' id='word_1_77' title='bbox 330 1960 442 2039; x_wconf 89' lang='lat' dir='ltr'>etalii,</span> <span class='ocrx_word' id='word_1_78' title='bbox 459 1962 539 2025; x_wconf 89' lang='lat' dir='ltr'>nihii</span> <span class='ocrx_word' id='word_1_79' title='bbox 557 1962 597 2025; x_wconf 89' lang='lat' dir='ltr'>de</span> <span class='ocrx_word' id='word_1_80' title='bbox 608 1962 729 2026; x_wconf 83' lang='lat' dir='ltr'>Messice</span> <span class='ocrx_word' id='word_1_81' title='bbox 742 1962 832 2025; x_wconf 86' lang='lat' dir='ltr'>notis</span> <span class='ocrx_word' id='word_1_82' title='bbox 856 1960 918 2024; x_wconf 85' lang='lat' dir='ltr'>nisi</span> <span class='ocrx_word' id='word_1_83' title='bbox 940 1982 1059 2025; x_wconf 87' lang='lat' dir='ltr'>nomen</span> <span class='ocrx_word' id='word_1_84' title='bbox 1088 1961 1257 2029; x_wconf 86' lang='lat' dir='ltr'>hahuisse.</span> <span class='ocrx_word' id='word_1_85' title='bbox 1275 1964 1309 2027; x_wconf 69' lang='grc' dir='ltr'>ὁ.</span> <span class='ocrx_word' id='word_1_86' title='bbox 1398 2005 1399 2010; x_wconf 40' lang='lat'>1</span> 
     </span>
     <span class='ocr_line' id='line_1_14' title="bbox 329 2065 1312 2156; baseline 0.004 -26"><span class='ocrx_word' id='word_1_87' title='bbox 329 2065 482 2147; x_wconf 75' lang='lat' dir='ltr'>Legitimh</span> <span class='ocrx_word' id='word_1_88' title='bbox 494 2086 531 2131; x_wconf 86' lang='lat' dir='ltr'>ae</span> <span class='ocrx_word' id='word_1_89' title='bbox 548 2072 637 2129; x_wconf 76' lang='lat' dir='ltr'>certo</span> <span class='ocrx_word' id='word_1_90' title='bbox 656 2065 809 2130; x_wconf 82' lang='lat' dir='ltr'>affirmari</span> <span class='ocrx_word' id='word_1_91' title='bbox 827 2073 932 2153; x_wconf 90' lang='lat' dir='ltr'>potest</span> <span class='ocrx_word' id='word_1_92' title='bbox 946 2067 1072 2131; x_wconf 86' lang='lat' dir='ltr'>nulium</span> <span class='ocrx_word' id='word_1_93' title='bbox 1090 2067 1161 2133; x_wconf 80' lang='lat' dir='ltr'>iore</span> <span class='ocrx_word' id='word_1_94' title='bbox 1180 2070 1213 2133; x_wconf 95' lang='lat' dir='ltr'>in</span> <span class='ocrx_word' id='word_1_95' title='bbox 1236 2089 1312 2156; x_wconf 81' lang='lat' dir='ltr'>pos=</span> 
     </span>
     <span class='ocr_line' id='line_1_15' title="bbox 330 2170 1308 2259; baseline 0.006 -26"><span class='ocrx_word' id='word_1_96' title='bbox 330 2182 434 2234; x_wconf 91' lang='lat' dir='ltr'>terum</span> <span class='ocrx_word' id='word_1_97' title='bbox 453 2171 504 2234; x_wconf 90' lang='lat' dir='ltr'>cui</span> <span class='ocrx_word' id='word_1_98' title='bbox 529 2170 719 2235; x_wconf 87' lang='lat' dir='ltr'>conveniant</span> <span class='ocrx_word' id='word_1_99' title='bbox 736 2171 938 2238; x_wconf 84' lang='lat' dir='ltr'>characteres</span> <span class='ocrx_word' id='word_1_100' title='bbox 956 2174 1054 2238; x_wconf 85' lang='lat' dir='ltr'>citati.</span> <span class='ocrx_word' id='word_1_101' title='bbox 1086 2174 1255 2259; x_wconf 86' lang='lat' dir='ltr'>Siquidem</span> <span class='ocrx_word' id='word_1_102' title='bbox 1276 2176 1308 2239; x_wconf 89' lang='lat' dir='ltr'>in</span> 
     </span>
     <span class='ocr_line' id='line_1_16' title="bbox 326 2270 1308 2366; baseline 0.004 -27"><span class='ocrx_word' id='word_1_103' title='bbox 326 2270 568 2341; x_wconf 86' lang='lat' dir='ltr'>universoorbe</span> <span class='ocrx_word' id='word_1_104' title='bbox 590 2277 747 2366; x_wconf 80' lang='lat' dir='ltr'>completa</span> <span class='ocrx_word' id='word_1_105' title='bbox 766 2285 814 2342; x_wconf 87' lang='lat' dir='ltr'>est</span> <span class='ocrx_word' id='word_1_106' title='bbox 829 2280 1021 2366; x_wconf 82' lang='lat' dir='ltr'>exspectatio</span> <span class='ocrx_word' id='word_1_107' title='bbox 1034 2280 1198 2364; x_wconf 62' lang='lat' dir='ltr'>gentium*</span> <span class='ocrx_word' id='word_1_108' title='bbox 1216 2282 1308 2345; x_wconf 88' lang='lat' dir='ltr'>Nunc</span> 
     </span>
     <span class='ocr_line' id='line_1_17' title="bbox 325 2379 1304 2470; baseline 0.001 -25"><span class='ocrx_word' id='word_1_109' title='bbox 325 2379 633 2469; x_wconf 77' lang='lat' dir='ltr'>populusjudaicuS‚</span> <span class='ocrx_word' id='word_1_110' title='bbox 651 2383 739 2448; x_wconf 77' lang='lat' dir='ltr'>solus</span> <span class='ocrx_word' id='word_1_111' title='bbox 756 2382 990 2463; x_wconf 80' lang='lat' dir='ltr'>interamnae,</span> <span class='ocrx_word' id='word_1_112' title='bbox 1016 2386 1048 2449; x_wconf 93' lang='lat' dir='ltr'>in</span> <span class='ocrx_word' id='word_1_113' title='bbox 1066 2385 1200 2470; x_wconf 76' lang='lat' dir='ltr'>quadarn</span> <span class='ocrx_word' id='word_1_114' title='bbox 1221 2385 1304 2447; x_wconf 80' lang='lat' dir='ltr'>Mes·</span> 
     </span>
     <span class='ocr_line' id='line_1_18' title="bbox 327 2486 1298 2578; baseline -0.005 -26"><span class='ocrx_word' id='word_1_115' title='bbox 327 2488 384 2553; x_wconf 83' lang='lat' dir='ltr'>siae</span> <span class='ocrx_word' id='word_1_116' title='bbox 399 2488 635 2575; x_wconf 81' lang='lat' dir='ltr'>exspectatione</span> <span class='ocrx_word' id='word_1_117' title='bbox 647 2495 841 2576; x_wconf 82' lang='lat' dir='ltr'>perseverat3</span> <span class='ocrx_word' id='word_1_118' title='bbox 861 2511 896 2554; x_wconf 88' lang='lat' dir='ltr'>ea</span> <span class='ocrx_word' id='word_1_119' title='bbox 908 2498 1016 2556; x_wconf 87' lang='lat' dir='ltr'>autem</span> <span class='ocrx_word' id='word_1_120' title='bbox 1030 2486 1298 2578; x_wconf 81' lang='lat' dir='ltr'>ipsaJudaeorum,</span> 
     </span>
     <span class='ocr_line' id='line_1_19' title="bbox 328 2592 1306 2682; baseline -0.004 -22"><span class='ocrx_word' id='word_1_121' title='bbox 328 2593 486 2662; x_wconf 67' lang='lat' dir='ltr'>et&#39;saltem</span> <span class='ocrx_word' id='word_1_122' title='bbox 504 2593 685 2674; x_wconf 76' lang='lat' dir='ltr'>doctorum,</span> <span class='ocrx_word' id='word_1_123' title='bbox 705 2616 779 2682; x_wconf 89' lang='lat' dir='ltr'>spes</span> <span class='ocrx_word' id='word_1_124' title='bbox 794 2595 840 2659; x_wconf 75' lang='lat' dir='ltr'>ita</span> <span class='ocrx_word' id='word_1_125' title='bbox 857 2595 1048 2662; x_wconf 75' lang='lat' dir='ltr'>debitisest</span> <span class='ocrx_word' id='word_1_126' title='bbox 1066 2601 1096 2660; x_wconf 86' lang='lat' dir='ltr'>et</span> <span class='ocrx_word' id='word_1_127' title='bbox 1113 2592 1248 2670; x_wconf 82' lang='lat' dir='ltr'>ineerta,</span> <span class='ocrx_word' id='word_1_128' title='bbox 1266 2605 1306 2656; x_wconf 84' lang='lat' dir='ltr'>nt</span> 
     </span>
     <span class='ocr_line' id='line_1_20' title="bbox 326 2697 1310 2790; baseline -0.005 -22"><span class='ocrx_word' id='word_1_129' title='bbox 326 2704 458 2772; x_wconf 84' lang='lat' dir='ltr'>nomine</span> <span class='ocrx_word' id='word_1_130' title='bbox 473 2703 541 2790; x_wconf 87' lang='lat' dir='ltr'>spei</span> <span class='ocrx_word' id='word_1_131' title='bbox 554 2702 603 2768; x_wconf 86' lang='lat' dir='ltr'>vix</span> <span class='ocrx_word' id='word_1_132' title='bbox 614 2701 768 2790; x_wconf 85' lang='lat' dir='ltr'>appellari</span> <span class='ocrx_word' id='word_1_133' title='bbox 790 2704 900 2787; x_wconf 68' lang='lat' dir='ltr'>queat.</span> <span class='ocrx_word' id='word_1_134' title='bbox 917 2700 1056 2767; x_wconf 74' lang='lat' dir='ltr'>Aliunde</span> <span class='ocrx_word' id='word_1_135' title='bbox 1067 2719 1156 2766; x_wconf 63' lang='lat' dir='ltr'>vnurse</span> <span class='ocrx_word' id='word_1_136' title='bbox 1183 2697 1310 2785; x_wconf 75' lang='lat' dir='ltr'>&#39;tropos-</span> 
     </span>
     <span class='ocr_line' id='line_1_21' title="bbox 323 2805 1313 2896; baseline -0.004 -23"><span class='ocrx_word' id='word_1_137' title='bbox 323 2807 428 2874; x_wconf 78' lang='lat' dir='ltr'>ai-bilis</span> <span class='ocrx_word' id='word_1_138' title='bbox 444 2809 549 2874; x_wconf 82' lang='lat' dir='ltr'>everrit</span> <span class='ocrx_word' id='word_1_139' title='bbox 561 2807 747 2896; x_wconf 80' lang='lat' dir='ltr'>adimpletio</span> <span class='ocrx_word' id='word_1_140' title='bbox 770 2809 917 2872; x_wconf 89' lang='lat' dir='ltr'>omnium</span> <span class='ocrx_word' id='word_1_141' title='bbox 944 2828 1017 2893; x_wconf 82' lang='lat' dir='ltr'>quae</span> <span class='ocrx_word' id='word_1_142' title='bbox 1033 2808 1076 2872; x_wconf 88' lang='lat' dir='ltr'>de</span> <span class='ocrx_word' id='word_1_143' title='bbox 1091 2805 1208 2879; x_wconf 78' lang='lat' dir='ltr'>Massia</span> <span class='ocrx_word' id='word_1_144' title='bbox 1234 2826 1313 2892; x_wconf 78' lang='lat' dir='ltr'>prea-</span> 
     </span>
     <span class='ocr_line' id='line_1_22' title="bbox 324 2911 1311 3002; baseline 0.001 -27"><span class='ocrx_word' id='word_1_145' title='bbox 324 2916 469 2978; x_wconf 87' lang='lat' dir='ltr'>nuntiata</span> <span class='ocrx_word' id='word_1_146' title='bbox 480 2915 619 2994; x_wconf 82' lang='lat' dir='ltr'>fuerant,</span> <span class='ocrx_word' id='word_1_147' title='bbox 638 2928 754 3002; x_wconf 86' lang='lat' dir='ltr'>etquae</span> <span class='ocrx_word' id='word_1_148' title='bbox 765 2935 823 2981; x_wconf 86' lang='lat' dir='ltr'>nos</span> <span class='ocrx_word' id='word_1_149' title='bbox 846 2915 879 2979; x_wconf 94' lang='lat' dir='ltr'>in</span> <span class='ocrx_word' id='word_1_150' title='bbox 896 2913 1022 2979; x_wconf 81' lang='lat' dir='ltr'>Christo</span> <span class='ocrx_word' id='word_1_151' title='bbox 1038 2915 1117 2978; x_wconf 89' lang='lat' dir='ltr'>Jesu</span> <span class='ocrx_word' id='word_1_152' title='bbox 1134 2911 1311 3000; x_wconf 82' lang='lat' dir='ltr'>adimplete</span> 
     </span>
     <span class='ocr_line' id='line_1_23' title="bbox 313 3003 918 3092; baseline 0.017 -15"><span class='ocrx_word' id='word_1_153' title='bbox 313 3016 749 3092; x_wconf 79' lang='lat' dir='ltr'>eonfitemureecredimus.</span> <span class='ocrx_word' id='word_1_154' title='bbox 845 3073 848 3076; x_wconf 75' lang='grc'><em>.</em></span> <span class='ocrx_word' id='word_1_155' title='bbox 913 3003 918 3012; x_wconf 46' lang='grc'><strong><em>’</em></strong></span> 
     </span>
    </p>
   </div>
   <div class='ocr_carea' id='block_1_3' title="bbox 250 3179 1308 4024">
    <p class='ocr_par' dir='ltr' id='par_1_4' title="bbox 366 3179 1306 3289">
     <span class='ocr_line' id='line_1_24' title="bbox 366 3179 1306 3289; baseline 0.006 -31"><span class='ocrx_word' id='word_1_156' title='bbox 366 3191 403 3258; x_wconf 70' lang='lat'>5³</span> <span class='ocrx_word' id='word_1_157' title='bbox 417 3195 548 3280; x_wconf 29' lang='lat' dir='ltr'>rupa-</span> <span class='ocrx_word' id='word_1_158' title='bbox 557 3179 722 3262; x_wconf 70' lang='lat' dir='ltr'>Praedicta</span> <span class='ocrx_word' id='word_1_159' title='bbox 737 3199 894 3269; x_wconf 72' lang='lat' dir='ltr'>vaticinio</span> <span class='ocrx_word' id='word_1_160' title='bbox 909 3211 985 3289; x_wconf 75' lang='lat' dir='ltr'>curet</span> <span class='ocrx_word' id='word_1_161' title='bbox 999 3221 1085 3273; x_wconf 78' lang='lat' dir='ltr'>verte</span> <span class='ocrx_word' id='word_1_162' title='bbox 1111 3203 1306 3286; x_wconf 75' lang='lat' dir='ltr'>prophetiae.</span> 
     </span>
    </p>

    <p class='ocr_par' dir='ltr' id='par_1_5' title="bbox 250 3299 1308 4024">
     <span class='ocr_line' id='line_1_25' title="bbox 250 3299 1306 3393; baseline 0.009 -32"><span class='ocrx_word' id='word_1_163' title='bbox 250 3299 251 3304; x_wconf 75' lang='grc'>’</span> <span class='ocrx_word' id='word_1_164' title='bbox 358 3299 405 3364; x_wconf 77' lang='lat'>‚1⁰</span> <span class='ocrx_word' id='word_1_165' title='bbox 422 3301 483 3370; x_wconf 80' lang='lat' dir='ltr'>lies</span> <span class='ocrx_word' id='word_1_166' title='bbox 503 3300 886 3376; x_wconf 80' lang='lat' dir='ltr'>fueruntanteeuentum</span> <span class='ocrx_word' id='word_1_167' title='bbox 903 3309 1148 3393; x_wconf 84' lang='lat' dir='ltr'>praenuntiatae:</span> <span class='ocrx_word' id='word_1_168' title='bbox 1169 3308 1202 3372; x_wconf 89' lang='lat' dir='ltr'>t.</span> <span class='ocrx_word' id='word_1_169' title='bbox 1229 3305 1306 3371; x_wconf 88' lang='lat' dir='ltr'>Om-</span> 
     </span>
     <span class='ocr_line' id='line_1_26' title="bbox 321 3405 1308 3502; baseline 0.008 -32"><span class='ocrx_word' id='word_1_170' title='bbox 321 3405 375 3472; x_wconf 86' lang='lat' dir='ltr'>nia</span> <span class='ocrx_word' id='word_1_171' title='bbox 392 3407 478 3472; x_wconf 89' lang='lat' dir='ltr'>enim</span> <span class='ocrx_word' id='word_1_172' title='bbox 499 3405 647 3474; x_wconf 87' lang='lat' dir='ltr'>vaticinia</span> <span class='ocrx_word' id='word_1_173' title='bbox 666 3410 816 3496; x_wconf 78' lang='lat' dir='ltr'>superius</span> <span class='ocrx_word' id='word_1_174' title='bbox 841 3413 935 3479; x_wconf 79' lang='lat' dir='ltr'>allata</span> <span class='ocrx_word' id='word_1_175' title='bbox 953 3413 1162 3502; x_wconf 81' lang='lat' dir='ltr'>reperiuntur</span> <span class='ocrx_word' id='word_1_176' title='bbox 1187 3415 1221 3481; x_wconf 91' lang='lat' dir='ltr'>in</span> <span class='ocrx_word' id='word_1_177' title='bbox 1238 3434 1308 3479; x_wconf 89' lang='lat' dir='ltr'>ver·</span> 
     </span>
     <span class='ocr_line' id='line_1_27' title="bbox 321 3510 1307 3604; baseline 0.007 -28"><span class='ocrx_word' id='word_1_178' title='bbox 321 3510 413 3576; x_wconf 86' lang='lat' dir='ltr'>sione</span> <span class='ocrx_word' id='word_1_179' title='bbox 438 3513 518 3588; x_wconf 64' lang='lat' dir='ltr'>[XX</span> <span class='ocrx_word' id='word_1_180' title='bbox 541 3513 770 3601; x_wconf 72' lang='lat' dir='ltr'>Interpretum</span> <span class='ocrx_word' id='word_1_181' title='bbox 788 3539 862 3604; x_wconf 75' lang='lat' dir='ltr'>quaa</span> <span class='ocrx_word' id='word_1_182' title='bbox 879 3520 945 3586; x_wconf 69' lang='lat'>250</span> <span class='ocrx_word' id='word_1_183' title='bbox 969 3521 1097 3588; x_wconf 89' lang='lat' dir='ltr'>circiter</span> <span class='ocrx_word' id='word_1_184' title='bbox 1120 3521 1213 3596; x_wconf 87' lang='lat' dir='ltr'>annis</span> <span class='ocrx_word' id='word_1_185' title='bbox 1233 3530 1307 3585; x_wconf 83' lang='lat' dir='ltr'>ante</span> 
     </span>
     <span class='ocr_line' id='line_1_28' title="bbox 323 3613 1306 3711; baseline 0.005 -29"><span class='ocrx_word' id='word_1_186' title='bbox 323 3613 486 3682; x_wconf 80' lang='lat' dir='ltr'>Christum</span> <span class='ocrx_word' id='word_1_187' title='bbox 504 3617 588 3684; x_wconf 87' lang='lat' dir='ltr'>edita</span> <span class='ocrx_word' id='word_1_188' title='bbox 600 3631 659 3686; x_wconf 86' lang='lat' dir='ltr'>est.</span> <span class='ocrx_word' id='word_1_189' title='bbox 677 3619 712 3686; x_wconf 65' lang='lat'>2.</span> <span class='ocrx_word' id='word_1_190' title='bbox 727 3621 813 3688; x_wconf 89' lang='lat' dir='ltr'>Libri</span> <span class='ocrx_word' id='word_1_191' title='bbox 835 3625 867 3690; x_wconf 90' lang='lat' dir='ltr'>in</span> <span class='ocrx_word' id='word_1_192' title='bbox 889 3625 1009 3711; x_wconf 90' lang='lat' dir='ltr'>quibus</span> <span class='ocrx_word' id='word_1_193' title='bbox 1028 3625 1214 3694; x_wconf 82' lang='lat' dir='ltr'>reseruntur</span> <span class='ocrx_word' id='word_1_194' title='bbox 1230 3635 1306 3692; x_wconf 89' lang='lat' dir='ltr'>sunt</span> 
     </span>
     <span class='ocr_line' id='line_1_29' title="bbox 319 3721 1307 3814; baseline 0.008 -32"><span class='ocrx_word' id='word_1_195' title='bbox 319 3721 590 3806; x_wconf 81' lang='lat' dir='ltr'>proto-canonici3</span> <span class='ocrx_word' id='word_1_196' title='bbox 614 3743 716 3790; x_wconf 84' lang='lat' dir='ltr'>canon</span> <span class='ocrx_word' id='word_1_197' title='bbox 742 3738 850 3792; x_wconf 87' lang='lat' dir='ltr'>autem</span> <span class='ocrx_word' id='word_1_198' title='bbox 875 3728 1090 3795; x_wconf 86' lang='lat' dir='ltr'>Hebraeorum</span> <span class='ocrx_word' id='word_1_199' title='bbox 1111 3726 1181 3814; x_wconf 76' lang='lat' dir='ltr'>jam</span> <span class='ocrx_word' id='word_1_200' title='bbox 1203 3727 1307 3792; x_wconf 76' lang='lat' dir='ltr'>multo</span> 
     </span>
     <span class='ocr_line' id='line_1_30' title="bbox 318 3822 1303 3918; baseline 0.006 -28"><span class='ocrx_word' id='word_1_201' title='bbox 318 3822 583 3894; x_wconf 76' lang='lat' dir='ltr'>antechristum</span> <span class='ocrx_word' id='word_1_202' title='bbox 605 3839 749 3916; x_wconf 87' lang='lat' dir='ltr'>tempore</span> <span class='ocrx_word' id='word_1_203' title='bbox 770 3831 876 3897; x_wconf 85' lang='lat' dir='ltr'>fuerat</span> <span class='ocrx_word' id='word_1_204' title='bbox 898 3833 1078 3900; x_wconf 84' lang='lat' dir='ltr'>confectus.</span> <span class='ocrx_word' id='word_1_205' title='bbox 1103 3832 1138 3898; x_wconf 71' lang='grc'>5.</span> <span class='ocrx_word' id='word_1_206' title='bbox 1166 3831 1303 3918; x_wconf 83' lang='lat' dir='ltr'>ipsimet</span> 
     </span>
     <span class='ocr_line' id='line_1_31' title="bbox 307 3927 1306 4024; baseline 0.003 -24"><span class='ocrx_word' id='word_1_207' title='bbox 307 3927 423 4002; x_wconf 64' lang='lat' dir='ltr'>&#39;tadei‘</span> <span class='ocrx_word' id='word_1_208' title='bbox 435 3932 759 4005; x_wconf 86' lang='lat' dir='ltr'>admittuntlaudatas</span> <span class='ocrx_word' id='word_1_209' title='bbox 773 3937 957 4024; x_wconf 87' lang='lat' dir='ltr'>prophetias</span> <span class='ocrx_word' id='word_1_210' title='bbox 976 3937 1103 4005; x_wconf 78' lang='lat' dir='ltr'>Christo</span> <span class='ocrx_word' id='word_1_211' title='bbox 1122 3936 1306 4005; x_wconf 83' lang='lat' dir='ltr'>anteriores</span> 
     </span>
    </p>
   </div>
   <div class='ocr_carea' id='block_1_4' title="bbox 0 0 1518 4725">
    <p class='ocr_par' dir='ltr' id='par_1_6' title="bbox 0 0 1518 4725">
     <span class='ocr_line' id='line_1_32' title="bbox 0 0 1518 4725; baseline 0 7"><span class='ocrx_word' id='word_1_212' title='bbox 0 0 1518 4725; x_wconf 95' lang='lat' dir='ltr'> </span> 
     </span>
    </p>
   </div>
  </div>
 </body>
</html>
