3025 4725
713 676 767 746 ἢ
782 643 846 711 too
866 678 911 695 -·

328 792 391 860 tivo
402 794 717 882 probaretureorum
727 795 860 874 veritas;
877 815 942 861 non
955 792 1150 863 revelatione
1160 794 1302 885 quidem,

329 898 573 989 cxbypntbes13
598 920 664 967 non
682 900 816 979 ratione,
839 899 963 968 neditrn
980 901 1068 967 enirn
1088 901 1237 971 nitantur
1259 926 1306 971 ra·
1371 922 1373 926 ·

329 1007 428 1085 tione,
447 1012 577 1073 econtra
597 1006 712 1073 rationi
722 1007 872 1073 videntur
887 1007 1046 1095 opposita.

375 1112 544 1201 Repugnat
559 1112 655 1179 etiam
666 1112 796 1179 diii'usio
812 1112 846 1179 in
861 1133 976 1181 omnes
991 1125 1124 1199 gentes:
1143 1113 1316 1183 haecenim

331 1217 482 1302 dogmata
498 1216 648 1302 vigebant
663 1216 749 1303 apud
762 1214 901 1304 populos
910 1216 968 1303 qui
982 1216 1108 1283 nullum
1123 1217 1320 1287 babuerunt

332 1320 564 1389 commercium
584 1342 658 1389 cum
675 1322 840 1400 Hebroeim
864 1344 897 1389 v.
921 1342 956 1408 g.
979 1323 1066 1411 apud
1089 1322 1317 1393 Americanos.

331 1426 502 1495 Diffusioni
518 1428 649 1495 aliunde
657 1428 856 1495 obstitissent
863 1426 1053 1497 hostilitates
1061 1441 1094 1497 et
1108 1429 1320 1499 intolerantia

257 1589 260 1596 .
333 1534 481 1620 religiosa
497 1533 636 1603 aliorum
652 1534 860 1624 populorum.

376 1640 476 1707 Prob.
494 1640 555 1706 111.
574 1640 777 1709 Admittonda
792 1648 842 1708 e'st
857 1640 1008 1709 revelatio
1029 1639 1198 1725 religionis
1211 1644 1321 1730 primi

336 1748 419 1827 tivee,
438 1750 463 1816 si
483 1748 518 1815 l⁰
535 1748 624 1815 Deus
640 1747 791 1816 debuerit
804 1746 918 1836 primis
937 1745 1125 1813 hominibus
1144 1747 1319 1837 imponere

334 1872 372 1919 oc
391 1854 527 1941 proinde
543 1851 748 1919 manifestare
768 1851 979 1937 religionem
1005 1850 1034 1917 si
1048 1850 1087 1916 2⁰
1106 1850 1319 1920 solummodd

334 1978 393 2043 pcr
412 1957 639 2025 revelationem
667 1959 808 2045 potuerit
833 1958 911 2046 ipsis
927 1957 1169 2025 communicare
1185 1958 1317 2044 religio·

334 2082 422 2129 nem.
436 2062 543 2146 Atqui,

381 2165 417 2231 1⁰
433 2166 521 2233 Deus
542 2166 655 2233 debuit
670 2168 782 2255 primis
797 2168 986 2236 bominibus
1001 2168 1191 2253 religionem
1208 2172 1313 2257 impo-

335 2292 434 2339 nere:
454 2274 528 2342 Haec
545 2275 721 2364 propositio
734 2275 816 2343 inira
832 2275 1024 2366 probabitur
1040 2275 1097 2341 ubi
1112 2278 1152 2343 de
1162 2278 1309 2361 Legend-

337 2383 497 2448 turali.-—
512 2383 633 2451 Debuit
653 2384 790 2473 proinde
802 2382 1008 2450 manifestere
1025 2381 1226 2466 religionem:
1241 2381 1302 2442 Re-

335 2483 412 2568 ligio
429 2486 515 2553 euim
532 2507 597 2554 non
609 2500 713 2577 potest
730 2485 906 2564 observari,
917 2487 996 2571 quin
1009 2487 1222 2572 cognoseaters·
1237 2495 1298 2540 ¹¹⁸⁰

335 2602 439 2681 potest
453 2595 617 2680 cognosci,
635 2593 714 2682 quin
731 2590 967 2660 manifestetur.

381 2703 418 2766 2⁰
435 2699 648 2770 Solummodd
670 2720 728 2788 per
744 2696 973 2765 revelationem
989 2696 1101 2781 religio
1114 2687 1304 2760 maniiesturi

335 2824 458 2895 potest:
473 2812 506 2877 Si
523 2811 610 2896 quod
627 2809 709 2876 toret
724 2806 813 2873 aliud
839 2805 998 2885 medium,
1023 2805 1161 2871 maxime
1181 2798 1310 2869 rationis

333 2915 556 2997 investigati03
572 2937 668 3003 porro
683 2915 745 2980 hoe
764 2913 882 2979 salsum
894 2924 954 2978 est.
972 2911 1140 2997 Siquidem
1151 2905 1311 2996 perceptio

336 3018 483 3082 idearum
500 3020 652 3104 supponit
668 3018 909 3098 revelationem,
936 3029 972 3082 ut
991 3020 1088 3104 supra
1108 3012 1312 3102 probavimus

336 3122 392 3187 nbi
410 3124 449 3188 de
466 3122 612 3189 Ratione.
628 3123 756 3190 Etiamsi
773 3123 997 3193 admitteretur
1006 3122 1210 3211 *possibilitas
1231 3121 1315 3186 inve·

335 3228 446 3296 niendi
468 3227 658 3313 religionem
686 3249 744 3316 per
767 3230 1043 3316 investigationem
1072 3227 1230 3306 rationis,
1257 3225 1316 3290 boc

336 3337 480 3406 medium
501 3356 566 3401 non
583 3343 667 3402 esset
693 3348 815 3422 aptum.
839 3336 979 3413 Medium
1007 3333 1094 3402 enim
1126 3333 1316 3417 religionem

338 3442 551 3526 cognoscendi
568 3440 664 3507 debet
680 3462 749 3509 esse
766 3442 967 3522 universale,
986 3446 1060 3509 edm
1077 3438 1247 3524 religionis
1263 3436 1318 3502 ob·

336 3549 471 3614 servatio
479 3548 519 3614 sit
536 3547 685 3618 omnibus
702 3563 875 3639 praecepta3
888 3558 1025 3630 certum,
1038 3552 1113 3615 eum
1125 3545 1243 3629 religio
1256 3564 1318 3610 non

338 3653 438 3739 possit
453 3673 524 3721 esse
540 3653 742 3742 obligatoria,
754 3657 817 3725 nisi
834 3657 875 3724 sit
886 3669 988 3724 certa.
1005 3653 1100 3740 Atqui
1116 3648 1318 3734 investigatio

336 3759 501 3844 religionis
517 3781 575 3849 per
591 3761 748 3830 rationem
765 3762 830 3830 non
847 3775 932 3830 esset
954 3757 1100 3828 medium
1117 3753 1317 3823 universale:

336 3863 410 3948 quia
435 3863 465 3929 l.
484 3868 637 3955 supponit
663 3866 869 3954 capacitatem
891 3871 955 3952 qut
982 3863 1150 3951 privantur
1172 3856 1319 3945 plerique

347 3967 505 4048 somines;
522 3970 596 4055 quin
614 3971 647 4035 ᾖ.
667 3967 819 4055 supponit
835 3968 1113 4053 investigationem
1138 3963 1272 4044 longam
1289 3969 1319 4022 et
