3025 4725
706 599 904 671 ...m-e

320 738 456 833 poribus
472 761 564 810 nnvae
580 740 744 825 religionis
763 741 879 820 nuntii,
901 760 967 807 non
987 740 1211 829 tautumapnd
1223 741 1297 811 hor·

321 851 475 917 herorum
509 858 621 931 gentes
648 858 679 911 et
702 846 734 913 in
768 848 900 912 remotis
935 858 1029 913 terrae
1064 846 1215 929 angulis,
1245 851 1300 915 sed

320 952 426 1041 paliuri
445 958 477 1018 et
491 952 524 1017 in
540 950 710 1039 praecipuis
727 950 815 1017 orhis
833 950 922 1039 politi
938 952 1119 1019 civitatibus
1141 952 1300 1019 Christum

324 1058 568 1145 praedicdrunt;
601 1056 806 1135 Antiochiae,
846 1056 958 1135 Tarsi,
993 1056 1112 1136 ldileti,
1168 1058 1298 1144 Ephesi,

326 1166 499 1247 Pergama,
523 1162 679 1241 Athenis,
698 1162 919 1240 Alexandria,
953 1161 1157 1247 Carthagini,
1181 1165 1299 1240 Romae,

322 1268 591 1357 philosophorum
608 1268 819 1333 etductorum
836 1268 974 1333 examini
995 1268 1144 1335 doctrina
1157 1268 1302 1335 Crucihxi

323 1374 429 1441 obluta
453 1388 522 1453 est,
546 1392 604 1439 neo
627 1373 743 1439 hurum
761 1372 971 1447 subtilitatem
989 1385 1020 1439 et
1046 1371 1303 1453 malevolentiam

324 1482 438 1549 metuit
457 1503 465 1559 ς
484 1482 551 1547 imd
564 1480 672 1567 plures
684 1478 796 1544 litteris
809 1491 841 1543 ct
857 1480 1040 1545 eruditione
1061 1481 1190 1546 caeteris
1204 1481 1303 1568 philo-

324 1589 436 1677 sophis
453 1590 587 1655 minime
603 1587 767 1664 cedentes,
782 1586 894 1671 quales
905 1586 1062 1663 lustinus,
1081 1584 1303 1668 lreuaeus,llr-

243 1711 246 1719 '
324 1696 454 1773 nobius,
476 1695 713 1779 Athenagoras,
734 1690 907 1775 Origenes,
932 1690 1175 1771 Tertullianus,
1209 1690 1301 1782 hujus

325 1803 481 1867 doctrinae
504 1800 701 1866 diuinitatem
727 1816 902 1880 agnoscere
920 1795 1007 1861 etad
1025 1816 1097 1881 eam
1121 1796 1300 1881 transgredi

323 1904 712 1975 connubiorum-Nec
729 1903 791 1967 dici
809 1909 913 1988 potest
929 1901 1079 1967 homines
1094 1900 1197 1987 hujus
1206 1902 1299 1968 aetatis

324 2010 475 2077 credulus
488 2020 518 2073 et
534 2009 573 2073 ad
591 2006 853 2093 superstitionem
869 2005 1025 2092 proclives
1045 2005 1219 2073 exstitisse.
1232 2007 1298 2073 llis·

196 2182 200 2191 ,
324 2115 406 2181 rorte
428 2113 561 2197 quidem
578 2118 702 2177 constat
719 2113 905 2177 innumeras
922 2112 1021 2199 propi
1033 2111 1296 2197 deorumturmas

227 2244 229 2249 ¹
322 2235 521 2307 paganorum
536 2214 775 2302 delubraquosi
793 2217 966 2294 invasissc;
985 2216 1118 2283 historia
1136 2232 1240 2285 autem
1253 2216 1293 2280 si-

323 2324 392 2394 mul
419 2335 552 2390 testatur
568 2322 690 2390 cultum
719 2323 908 2393 deorumin
933 2322 1077 2389 derisum
1104 2324 1187 2410 apud
1208 2323 1287 2406 ipsos

324 2451 465 2519 paganos
482 2431 596 2498 iisdem
609 2429 810 2518 temporibus
818 2429 986 2508 eccidisse,
997 2429 1281 2516 scepticisroumque

323 2539 391 2606 sive
407 2538 448 2604 de
455 2537 621 2622 dogmate,
639 2536 705 2603 sive
717 2535 759 2600 de
774 2533 943 2622 disciplina
959 2531 1136 2609 mommio
1154 2524 1279 2614 imperio

325 2666 460 2718 romano
475 2657 560 2714 tune
576 2641 799 2731 praevaluisse.
810 2678 856 2688 -
870 2640 935 2706 Neo
958 2639 1068 2727 (quod
1085 2632 1285 2703 conuadicto·

324 2752 408 2818 rium
424 2751 565 2828 videtur,
578 2755 609 2816 et
627 2747 714 2814 unde
731 2760 840 2816 tameo
855 2758 987 2832 apparet
1001 2747 1117 2811 veritas
1135 2735 1292 2823 virtusque

325 2856 432 2924 diviua
445 2857 608 2940 religionis
621 2854 834 2932 christianae),
847 2851 910 2916 dici
925 2843 1031 2937 potest
1042 2850 1189 2916 homines
1204 2841 1295 2930 hujus
1412 2876 1413 2883 κ

324 2964 427 3026 aetatis
450 2963 490 3024 de
503 2963 675 3028 diffusione
684 2962 786 3046 mythi
795 2959 969 3044 evangelici
985 2958 1068 3026 sieut
1084 2958 1125 3022 de
1148 2955 1219 3022 eliis
1230 2953 1295 3018 dca-

323 3068 415 3132 trinis
433 3067 565 3130 minime
582 3074 729 3134 curasse:
743 3069 843 3149 ¹Facto
861 3068 947 3132 enim
960 3079 1085 3135 constat
1099 3059 1296 3133 omnimodas

313 3170 579 3259 'oppugnationes
602 3169 872 3254 gravissimasque
896 3159 1297 3258 persecutiones‘ehristia·

324 3297 374 3355 uae
387 3275 534 3362 religioni
553 3275 593 3340 ab
607 3273 697 3338 initio
715 3273 887 3342 obstitisse
905 3276 1115 3350 lrrisionibus
1129 3286 1162 3340 et
1181 3273 1301 3340 calum·

265 3367 267 3373 Α
324 3382 386 3446 niis
403 3379 600 3466 philosophi,
628 3379 794 3446 tormentis
814 3399 862 3465 ec
875 3378 1071 3446 cruciatibus
1091 3378 1301 3462 imperatores
1411 3410 1412 3415 κ

323 3507 381 3572 per
397 3496 556 3552 trecentos
580 3504 682 3550 annos
708 3483 806 3571 hujus
823 3486 977 3567 doctrinae
993 3492 1167 3552 sectatores
1186 3483 1302 3563 imma·
1399 3557 1402 3562 ,

321 3592 455 3658 nissimi
472 3591 632 3678 persecuti
649 3605 735 3671 sunt,
749 3592 1163 3679 Christianumquenomen
1174 3587 1304 3673 penitis

205 3693 208 3700 ’
319 3697 433 3764 'delere
448 3696 553 3764 conati
563 3710 648 3764 sont.
666 3697 813 3766 Attamen
825 3698 984 3785 superatis
998 3697 1181 3784 principum
1195 3702 1304 3778 poles·

321 3819 399 3888 tate,
413 3820 623 3895 tyrannorum
649 3810 756 3888 minis,
774 3809 1028 3894 magistratuum
1043 3801 1177 3878 saeuitia,
1201 3796 1304 3885 philo·

109 3979 112 3988 ,
229 3922 237 3930 ”
323 3913 500 4002 sophorum
517 3915 710 3993 subtilitate,
728 3914 933 3988 sacerdotum
954 3912 1093 3989 inuidia,⁴
1105 3902 1303 3995 populorum
1410 3926 1411 4011 p
