3025 4725
700 664 744 677 -
768 628 903 693 202-

314 766 494 837 laudabiles
503 784 629 847 musas,
641 766 690 835 vel
704 775 836 856 propter
843 770 1000 835 motivum
1009 769 1190 852 eharitatis,
1200 774 1257 841 vel
1265 779 1307 843 od

313 872 1310 966 probandammissionemdivinamchristi‚Silevissima‘quae-

313 980 388 1047 dam
409 978 547 1067 excipias
568 998 642 1065 quae
657 998 769 1045 secum
791 998 938 1067 pugnare
946 979 1110 1062 videntur,
1120 982 1166 1048 de
1183 985 1308 1071 quibus

312 1083 1307 1171 sliundoinirhscrmoerit,omniainlivangeliointersecom

312 1197 464 1259 senunea
477 1202 565 1269 sunt,
591 1190 781 1277 omniaque,
806 1190 981 1258 latentibus
996 1192 1222 1262 seveneribus
1251 1196 1308 1263 cri·

313 1296 405 1375 titis,
433 1295 528 1383 plone
557 1296 754 1363 concordant
781 1316 856 1362 cum
878 1298 1096 1385 geographia,
1115 1298 1308 1368 historiast

313 1400 524 1486 chronologia
538 1400 675 1488 hujusce
691 1400 947 1489 temporis-d.
958 1402 1085 1471 Nedum
1094 1406 1310 1491 reperiantur

313 1506 346 1573 iu
362 1507 532 1593 Evangelio
541 1506 590 1573 vel
608 1508 739 1573 minima
757 1506 926 1592 exquibus
948 1508 1221 1595 deprehendatur
1237 1532 1306 1600 my-

311 1615 388 1681 thos
403 1619 421 1683 d
434 1614 569 1701 Paganis
582 1620 614 1682 et
626 1614 748 1681 ludaeis
765 1614 935 1694 confictus,
948 1621 1080 1683 econtra
1089 1616 1305 1702 Evangelium

310 1719 430 1789 talibus
458 1720 629 1809 praeiulget
652 1718 893 1787 characteribus
915 1720 971 1806 qui
992 1720 1076 1786 hanc
1091 1720 1303 1809 hypothesim

311 1830 444 1915 prorsds
470 1824 704 1915 impossibilem
732 1844 806 1898 csse¹
829 1826 1124 1894 demonstrantur
1146 1828 1303 1909 tshisto·

313 1930 395 1997 riam
412 1931 629 2015 evangelicam
645 1936 665 1995 a
679 1930 815 2014 Pagonis
831 1951 897 1998 non
914 1930 1014 1996 inisse
1029 1931 1218 2014 conliomm,
1238 1934 1301 2001 du·

311 2033 404 2099 bium
426 2054 497 2099 esse
512 2054 577 2099 non
590 2047 698 2121 posset
715 2034 849 2103 cuilibet
860 2036 982 2103 homini
998 2057 1106 2103 sensu
1126 2039 1295 2126 communi

309 2137 437 2227 penitus
468 2159 534 2205 non
562 2138 733 2219 destituto,
764 2153 796 2207 et
820 2141 947 2209 sincera
966 2155 1078 2209 mente
1093 2144 1292 2232 comparanti

310 2243 524 2327 dogmaticam
537 2243 716 2327 doctrinam
727 2247 1029 2335 sanctissimamque
1055 2270 1183 2317 murum
1199 2248 1286 2315 disci

307 2349 429 2438 plicam
458 2369 534 2443 quae
555 2352 588 2419 in
617 2352 786 2442 Evangelio
811 2354 1007 2435 traduntur,
1033 2377 1108 2423 cum
1144 2353 1277 2420 absurda

305 2455 481 2544 'theologia
499 2459 659 2528 obscoenis
676 2461 916 2528 acinbumanis
928 2461 1067 2541 ritibus,
1083 2459 1269 2545 impurisque

306 2565 510 2650 Paganorum
527 2567 708 2654 praeceptis.
722 2567 756 2632 i.
774 2566 869 2644 Item,
884 2566 912 2631 si
928 2566 1158 2653 perpenduntur
1172 2561 1269 2629 iinon·

306 2667 383 2752 mlii
395 2670 608 2750 characteres,
624 2669 711 2758 haud
733 2669 841 2736 minito
866 2668 951 2734 clare
975 2677 1099 2739 constat
1117 2665 1279 2732 historiam

307 2777 557 2860 evangelicamh
579 2777 702 2844 Judaeis
718 2797 783 2846 non
797 2775 896 2849 inisse
907 2775 1093 2844 confictam.
1105 2773 1280 2859 Siquidem,

306 2899 344 2944 ex
357 2879 541 2970 Evangelio,
556 2883 701 2952 Christus
710 2891 759 2952 est
776 2879 972 2948 Deushomo
982 2880 1096 2959 iactus,
1106 2881 1147 2946 de
1158 2877 1278 2963 virgine

305 2997 496 3069 conceptum
531 2983 677 3054 Christus
701 3009 833 3076 pauper
860 2996 892 3054 et
914 2987 1074 3054 obscurus
1101 2987 1135 3052 in
1157 2981 1281 3052 stabulo

292 3081 460 3166 'nascimm
477 3109 535 3175 per
551 3088 792 3170 triginta-annos
804 3092 1017 3177 suisignotus
1034 3091 1194 3158 humilem
1222 3085 1283 3172 agit

208 3187 210 3190 ’
303 3191 400 3261 uitam
414 3193 539 3274 ,rude-'s
560 3193 833 3259 at-tndootoscini
849 3196 1024 3284 discipulos
1041 3196 1149 3280 eligite
1176 3196 1280 3269 victu,

243 3313 244 3320 ’
300 3299 416 3368 habitu
440 3313 632 3368 etsermone
653 3297 803 3386 simplex,
820 3289 1007 3390 simplices,
1035 3322 1156 3388 egenos
1181 3314 1215 3372 et
1234 3300 1283 3366 in·

302 3403 491 3492 firmnsprae
506 3403 660 3470 omnibus
671 3403 788 3491 diligit,
802 3427 1104 3494 eorumquecuram
1117 3406 1284 3477 ardentiirs

301 3502 524 3594 amplectitur&
540 3503 761 3595 poenitentiam
776 3512 1044 3593 ,humilitatem
1066 3513 1117 3578 sui
1143 3509 1284 3591 abnega·

213 3653 215 3658 ·
300 3609 422 3676 tionem
448 3608 709 3696 frequentissime
746 3611 972 3693 'commendam
997 3614 1189 3700 virginatem
1215 3609 1282 3674 lau·

212 3707 225 3756 s
290 3713 396 3782 dibus
429 3716 568 3794 extollit,
586 3717 835 3790 matrimonium
867 3720 1009 3791 declarat
1036 3713 1279 3809 indissolubiles

299 3819 568 3905 interrogantibus
583 3823 603 3890 J
606 3825 706 3892 udaeis
722 3810 916 3914 respondet:
938 3845 1078 3911 regnum
1104 3837 1279 3895 suumnon

116 4015 118 4026 γ
179 3999 189 4010 Γ
299 3923 1276 4019 essedeuocmundo,uaesarireddendaquosunrdaesarit
