3025 4725
582 486 631 543 -.
650 448 714 513 aar
731 430 781 498 ὲ-

179 583 586 675 eupiditatihusomnihus
603 568 725 651 bellum
736 587 923 666 indicantia,
943 590 1165 674 quaecultore's
1179 653 1186 662 ,,

177 713 264 760 suos
280 689 453 776 objiciebat
473 689 639 756 communi
660 702 850 781 caeterorum
880 691 1020 787 interrita
1044 708 1076 760 et
1092 679 1181 762 exe.

176 796 333 866 crationi.
354 794 486 862 Obstitit
501 814 637 883 persona
647 796 904 882 praedicantium,
920 797 1062 864 virorum
1077 821 1166 873 nem·

176 912 221 994 pe
249 901 407 979 rudium,
432 901 652 980 ludaeorum,
677 901 895 988 piscatorum3
929 903 1078 976 virorum,
1096 905 1169 972 sine.

174 1007 309 1085 litteris,
325 1006 468 1094 potentia
483 1019 539 1073 aut
550 1007 684 1085 divitiis3
701 1007 847 1096 virorum
861 1027 1002 1094 quorum
1017 1009 1165 1086 unaelo÷

177 1113 317 1203 quentia
330 1111 466 1178 rcrhum
481 1112 586 1185 crucis
603 1111 793 1198 simpliciter
804 1133 977 1200 exponere,
995 1115 1063 1182 'una
1091 1135 1165 1202 pru·
1190 1165 1191 1168 ,

178 1223 291 1291 dentis
305 1219 441 1307 injurias
453 1220 611 1307 patienter
622 1221 794 1300 sustinere,
810 1205 873 1287 una
887 1243 962 1309 spes
978 1223 1164 1310 temporalis

178 1326 605 1418 proponenda'ignominias
621 1338 653 1392 et
671 1326 828 1414 supplicia
845 1328 1044 1414 promittere.
1056 1328 1164 1396 Ohsti·

179 1444 292 1502 terunt
309 1427 500 1498 ludaeorum
519 1430 945 1519 perfidia‚philosophorum
960 1433 1161 1514 subtilitates,

179 1525 354 1605 rhetorum
374 1521 562 1615 irrisiones,
587 1536 771 1624 principum
800 1537 923 1617 edicta,
953 1550 1168 1624 tyrannorum.

180 1643 414 1721 immanitates,
438 1643 643 1708 sacerdotum
667 1642 799 1722 invidia,
822 1644 1083 1731 populorumque
1107 1667 1163 1712 su·
1265 1723 1268 1728 ⁵
1379 1692 1381 1696 -

181 1749 403 1840 perstitiones.
424 1747 584 1813 llinc·tan1
600 1746 768 1814 celerrima
785 1748 940 1816 doctrinae
957 1749 1071 1818 Christi
1088 1771 1163 1839 pro-

183 1855 314 1944 pagatio
326 1853 443 1924 divinae
452 1852 559 1919 virtuti
569 1852 738 1919 reserenda
749 1855 1165 1933 est‚nisidicatureffectum

185 1983 251 2050 prae
279 1958 436 2026 omnihus
456 1959 666 2045 stupendum,
695 1958 866 2026 levissimae
882 1963 1166 2042 omniumeausae,

187 2065 365 2132 innumeris
381 2061 559 2150 majoribus
584 2083 622 2128 ex
648 2065 785 2132 advorso
809 2068 1028 2152 pugnantibus
1044 2069 1161 2147 cauus,

189 2193 254 2239 esse
269 2169 503 2249 tribuendum
521 2170 612 2256 quod
637 2171 743 2256 ipsum
770 2173 857 2236 omni
879 2174 1035 2242 miraculo
1058 2173 1169 2261 majus·

190 2275 374 2358 hahendam
388 2279 447 2338 est.

234 2381 270 2443 2⁰
285 2379 439 2448 Virtutem
457 2379 552 2446 etiam
577 2376 855 2464 supernaturalem
885 2378 1040 2455 doetrinae
1063 2381 1167 2453 inhaee

203 2489 318 2547 rentem
332 2497 517 2573 supponunt
536 2482 700 2549 mirabiles
722 2481 1089 2553 conversionisell'ectus
1107 2488 1163 2573 qui

204 2582 348 2655 doctrinae
359 2589 546 2661 Christianae
556 2588 818 2677 praedicationem
827 2586 992 2654 subsecuti
1004 2602 1097 2655 sunt:
1113 2592 1163 2659 Sia

197 2692 333 2775 quidem,
351 2697 377 2762 si
400 2716 438 2762 ex
454 2702 519 2764 una
535 2694 817 2783 partaattendatur
829 2698 978 2779 aetasque
991 2696 1165 2781 praedicata.

195 2798 295 2865 estlex
304 2799 499 2886 evangelica,
511 2800 657 2866 omnium
669 2805 748 2866 sane
762 2811 892 2886 aetatum
903 2798 1161 2885 flagitiosissima,

194 2901 218 2965 si
232 2894 461 2972 attendaturin
478 2905 736 2992 quhminfimum
749 2905 965 2993 corruptionis
975 2928 1011 2973 ac
1021 2906 1166 2974 iniamiae

193 3010 325 3089 gradum
342 3012 530 3077 devenerint
545 3012 692 3078 omnium
708 3011 930 3077 conditionum
943 3012 1090 3079 homines
1106 3014 1162 3093 (l);

192 3113 216 3176 si
241 3136 278 3181 ex
309 3116 409 3183 altera
429 3130 519 3204 parte
544 3116 763 3203 perpendatur
782 3120 878 3202 quam
897 3115 1032 3183 difficile.
1049 3118 1090 3181 sit
1113 3117 1165 3185 vel

191 3220 285 3288 unius
309 3221 451 3288 hominis
479 3241 588 3288 mores
607 3223 793 3300 immutare,
812 3234 896 3288 etex
916 3220 1073 3306 flagitioso
1089 3229 1165 3289 aare

189 3326 327 3408 prosum
337 3335 529 3394 acsanctum
538 3323 668 3394 efficere
679 3348 688 3405 ;
700 3326 868 3393 manifeste
881 3326 1040 3395 constabit
1050 3348 1164 3395 omnes

190 3448 299 3498 causas
324 3433 487 3511 naturales
507 3430 601 3498 valde
620 3433 759 3519 impares
785 3453 856 3499 esse
877 3432 917 3497 ad
939 3433 1167 3519 explicandam

191 3539 250 3601 tam
274 3538 421 3610 subitam
441 3536 723 3623 universalemque
740 3538 964 3607 mutationem.
989 3536 1084 3621 Quod
1106 3558 1165 3604 noo

220 3736 251 3801 (l,
270 3738 318 3789 vid
344 3738 412 3790 inter
425 3746 516 3791 catera
531 3752 595 3803 opus
609 3738 639 3787 h.
655 3739 687 3789 de
701 3740 872 3805 Clrampagny,
890 3740 1006 3791 Tnhleon
1021 3741 1055 3789 du
1070 3740 1167 3789 monde

189 3820 297 3869 romain
310 3831 373 3870 sous
387 3819 421 3869 tes
433 3822 563 3881 prcmtcrs
577 3830 735 3879 nnpncurs.
