3025 4725
1379 639 1380 672 l

304 763 404 829 luisse
425 757 638 834 subsecutos;
657 755 695 818 3⁰
718 753 898 820 doctrinam
924 751 1042 818 Christi
1063 754 1234 840 integram
1259 759 1300 822 ab

305 863 397 932 initio
415 879 519 950 usque
536 858 646 925 adnos
662 857 762 923 fuisse
780 868 1000 922 conservatam
1017 856 1049 921 in
1058 861 1137 924 verb
1147 854 1308 946 sempor-⁷

305 989 371 1058 que
394 967 488 1034 firma
509 965 649 1034 Ecclesia
674 962 858 1043 Catholici,
886 961 1146 1051 praedictamque
1177 957 1310 1034 doctri-³

305 1093 381 1142 nam
394 1072 546 1140 omnibus
561 1070 763 1159 temporibus
785 1069 918 1138 eosdem
933 1069 1100 1138 mirabiles
1112 1074 1302 1140 sanctitatis

306 1181 429 1248 lructus
444 1178 559 1246 iecisse
575 1197 658 1266 quos
682 1176 845 1264 prioribus
864 1174 991 1244 saeculis
1004 1177 1191 1263 productos
1210 1183 1302 1247 nori·

306 1307 380 1353 mus
397 1285 454 1366 (l).
467 1320 514 1334 -
528 1282 627 1350 Porro
650 1282 721 1349 brec
744 1281 852 1348 omnia
869 1283 1154 1369 supernaturalem
1175 1307 1301 1374 suppo·

304 1403 387 1459 nunt
404 1391 555 1456 virtutem
579 1389 733 1456 doctrinae
746 1377 959 1454 inhaerentem
976 1437 984 1467 ,
1004 1409 1041 1455 ac
1058 1388 1207 1476 proinde
1226 1393 1301 1480 pio-

308 1499 386 1566 bant
401 1497 543 1564 diuinam
560 1495 749 1562 Christianae
771 1494 936 1578 religionis
953 1495 1127 1579 originem.

354 1605 392 1670 Et
414 1604 456 1668 -l⁰
473 1603 642 1671 celerrimo
665 1600 795 1667 diffusio
821 1600 986 1684 religionis
1005 1600 1205 1670 Clrristianae
1224 1625 1302 1692 sup·

307 1710 398 1799 ponit
423 1711 575 1776 virtutem
595 1709 796 1775 divinam...:
835 1707 1028 1792 Siquidem,
1056 1709 1220 1776 omnibus
1240 1712 1300 1776 cir·

309 1817 510 1884 cumstantiis
542 1816 721 1905 perpensis,
750 1813 958 1879 nulli'oausae
990 1814 1130 1880 naturali
1150 1817 1299 1898 adscribi

310 1935 415 2011 potest
427 1926 492 1989 tbm
504 1923 685 2010 stupendus
702 1920 849 1987 effectus.
867 1919 941 1985 llaec
958 1920 1043 1984 enim
1062 1933 1139 1987 sunt
1162 1935 1297 1990 natura·

311 2027 359 2094 les
380 2047 486 2095 ceusae
511 2047 585 2111 quae
610 2027 772 2093 ordinarie
792 2023 929 2112 alicujus
955 2017 1110 2094 doctrinae
1132 2025 1298 2118 propaga-

311 2131 390 2198 tioni
400 2130 506 2196 iuuere
515 2143 651 2215 queunt,
666 2131 808 2196 scilicet:
822 2133 873 2198 vcl
884 2132 1150 2219 ipsiusdootrinae
1162 2150 1293 2213 natura,

311 2259 337 2302 sr
328 2237 471 2321 nempe
487 2234 631 2300 doctrina
643 2235 684 2301 sit
698 2235 843 2319 ingenio
849 2236 1085 2325 hominumque
1102 2241 1292 2328 propensio·

303 2339 1157 2441 ‚nibusaccommodata;velpraedicantiumpersona,
1141 2345 1288 2431 videlicet

310 2470 337 2516 st
328 2435 560 2537 praedicantes
576 2448 890 2516 emineantscientiae
901 2463 956 2516 aut
968 2457 1058 2517 ortus
1073 2447 1213 2552 inclyti
1180 2449 1273 2525 iama;

312 2556 362 2623 vel
379 2556 639 2635 circumstantiae,
661 2577 692 2623 v.
710 2575 743 2640 g.
763 2577 789 2621 st
781 2552 949 2623 doctrina
959 2558 1183 2625 disseminetur
1198 2539 1281 2646 apud

224 2742 227 2745 ⁴
311 2664 451 2783 populos
476 2662 589 2729 rudes
599 2674 646 2727 et
644 2661 831 2739 illiteratos3
845 2661 894 2727 vel
912 2663 1018 2729 media
1036 2664 1240 2744 adhibitas.
1255 2671 1289 2746 g·'
1390 2738 1391 2755 ἶ

313 2769 340 2834 si
355 2770 487 2835 scientia
508 2780 539 2833 et
563 2775 643 2847 arte,
667 2767 694 2833 si
718 2766 897 2855 potentium
918 2762 1111 2836 auctoritato
1132 2778 1188 2835 aut
1207 2769 1250 2848 ui,
1265 2766 1292 2833 si
1390 2766 1391 2791 ³

313 2872 515 2942 divitiarum
512 2883 568 2940 aut
583 2875 745 2941 bonorum
767 2888 823 2960 spe
840 2872 880 2937 nd
894 2866 1072 2965 doctrinam
1089 2876 1292 2942 adducantur

311 2972 437 3066 populi.
461 2980 624 3048 Praedictis
652 2980 756 3048 causis
782 2978 932 3053 facillime
953 2958 1089 3068 explicat
1091 3004 1131 3049 ur
1145 2980 1289 3066 omnium

314 3101 461 3147 errorum
495 3084 696 3165 propagatio
730 3080 910 3149 Christiana
939 3098 1048 3151 eutem
1077 3087 1194 3171 religio
1228 3106 1289 3154 non

314 3184 419 3253 solum
434 3185 584 3251 humanis
600 3187 853 3271 omnino-caruit
869 3190 1035 3271 subsidiis,
1047 3191 1103 3257 sed
1118 3193 1215 3261 etiam
1230 3196 1291 3259 or'n·

311 3293 363 3358 nia
381 3312 419 3357 ex
438 3290 589 3357 humanis
612 3290 726 3355 habuit
746 3292 844 3375 quam
870 3298 1008 3362 maxime
1033 3297 1094 3363 sibi
1117 3298 1287 3365 contraria.

314 3394 677 3485 lpsiuspropagationi
669 3416 736 3482 ipsa
740 3394 875 3464 obstitit
891 3414 1004 3489 natura
1022 3400 1187 3473 doctrinae
1194 3390 1304 3501 quae'

315 3502 464 3583 dogmata
490 3499 691 3585 proponebat
718 3502 833 3569 rationi
869 3500 1123 3596 notionibusque
1156 3504 1289 3597 receptis

314 3604 407 3673 valde
423 3605 647 3693 repugnantia,
666 3615 739 3695 quae
756 3609 963 3699 imponebat
960 3628 1119 3703 praecepta
1138 3618 1286 3691 austera,
1388 3702 1389 3715 ἵ

348 3800 384 3863 (l)
399 3800 456 3853 tiu.
470 3801 566 3863 baillet,
577 3804 646 3858 trist
657 3807 688 3856 dc
702 3803 914 3857 t'ritobtissemont
926 3807 961 3856 du
977 3798 1201 3867 chrismalem&
1209 3804 1240 3855 dc
1256 3802 1288 3851 La

316 3881 472 3938 Luzemess
458 3891 486 3929 οῦ
500 3881 603 3930 dissert.
618 3895 663 3932 sur
677 3884 701 3933 la
715 3882 847 3947 ltelrgron
865 3883 995 3945 llutoisin,
1008 3881 1159 3934 Dc'monstr
1173 3886 1287 3941 Eueno,

317 3969 340 4004 c.
355 3958 387 4020 83
409 3958 521 4021 lloocke,
536 3954 568 4006 P.
580 3959 700 4018 Pomone,
716 3960 825 4021 Balmcs,
841 3966 907 4009 cto¹
1233 3984 1235 3991 ι
