3025 4725
730 626 908 690 ...76-

322 775 415 852 nitur,
438 791 502 836 non
515 789 579 836 una
595 777 643 834 est
668 771 709 836 de
735 767 821 836 iilius
837 769 945 834 valore
965 769 1094 856 opinio.
1117 773 1212 842 Muta
1228 777 1299 842 arhi.

324 890 448 946 trantur
458 876 518 941 hos
535 873 636 942 iihros
651 874 863 940 irCtrristiano
875 874 973 940 faisse
983 876 1086 942 editos
1095 897 1188 944 anno
1199 879 1304 946 Christi

326 983 404 1061 1583
415 981 471 1048 adii
483 989 590 1050 autern
608 981 751 1046 sentiant
773 981 833 1046 hos
849 979 950 1046 libros
966 999 1041 1046 esse
1055 983 1266 1050 authenticas
1281 995 1308 1052 et

324 1109 417 1154 veras
447 1087 613 1152 continere
636 1087 834 1173 prophetias.
858 1085 900 1151 Es
929 1085 1074 1152 Patribus
1096 1109 1159 1156 eos
1178 1091 1312 1156 aittront

325 1194 484 1271 lustinus,
496 1191 719 1275 Athenagoras
734 1240 743 1269 ‚
761 1190 961 1278 Theophilus
984 1191 1224 1272 Antiochensis,
1247 1197 1313 1269 Lae·

327 1299 444 1366 tentius
460 1309 492 1362 et
522 1295 589 1362 aiii.
613 1297 703 1363 Unde
730 1296 839 1362 ridere
863 1309 911 1362 est
928 1295 1061 1360 dubiam
1091 1319 1167 1365 esse
1185 1300 1311 1367 iderant

327 1404 562 1471 auctoritatem.

372 1511 409 1576 2⁰
426 1509 526 1574 Etiam
543 1507 685 1576 admissi
693 1507 852 1574 librorum
863 1507 1093 1593 Sibyiiinonrm
1105 1513 1309 1589 auctoritate,

329 1616 411 1682 nihil
425 1615 572 1701 seqnitur
588 1626 699 1680 eontra
716 1633 787 1678 nos.
807 1611 976 1698 Equidem,
996 1613 1027 1678 in
1046 1613 1106 1680 hhe
1124 1611 1308 1704 hypothesi,

330 1723 496 1810 prophetia
513 1721 590 1786 oriri
617 1728 721 1806 potest
736 1719 777 1784 ah
795 1731 927 1784 auctora
944 1719 1066 1802 gentili.
1094 1721 1127 1785 id
1161 1743 1231 1790 non.
1258 1743 1307 1786 ne-

331 1848 457 1912 gamus,
474 1827 539 1892 irnh
554 1825 767 1901 affirmamus,
782 1829 857 1890 cirrn
875 1824 1002 1891 Balaam
1010 1826 1139 1908 gentilis
1152 1851 1244 1896 veras
1252 1827 1310 1892 adi

333 1935 415 2014 derit
430 1931 614 2018 prophetias
624 1926 999 2016 depoprdoisradhtion.
1016 1931 1079 1998 Sed
1093 1933 1172 2000 inde
1182 1934 1307 2000 mininie

334 2035 594 2105 concludendum
612 2035 813 2123 prophetiam
824 2056 890 2102 non
906 2055 999 2121 posse
1016 2038 1156 2123 probare
1167 2040 1309 2106 divinita*

335 2154 400 2207 tent
416 2140 570 2208 doctrinae
587 2140 619 2204 in
629 2138 722 2228 ouius
738 2140 875 2224 gratiam
889 2139 936 2206 iit.
958 2175 968 2194 a

379 2358 425 2423 11.
444 2357 494 2423 De
515 2358 686 2425 Mirooulo.

381 2464 690 2554 Miraauhrrn,prni1t
705 2465 872 2552 accipitur,
885 2478 948 2531 est:
960 2469 1077 2551 scr-eham
1094 2464 1229 2529 senrittta
1238 2460 1289 2523 ole-

334 2592 457 2658 royano
472 2573 584 2638 ordini
602 2573 740 2659 physico
752 2582 809 2635 aut
823 2572 950 2635 morali
964 2574 998 2637 ih
1015 2558 1287 2653 corapartitohrri.

335 2681 517 2749 —Faotnnr
528 2681 700 2748 sensibile:
721 2678 878 2765 Equidem
894 2679 983 2745 Deus
998 2690 1101 2765 potest
1114 2672 1231 2764 operari
1239 2666 1297 2733 nai-

252 2802 254 2805 ·
285 2813 289 2817 ·
338 2788 446 2854 raoula
475 2788 624 2853 sensibus
647 2808 713 2853 non
732 2784 848 2861 obvia;
875 2784 944 2861 sed,
971 2788 1046 2849 oirrn
1066 2784 1138 2849 talia
1157 2780 1304 2867 saeta-tte·

229 2909 233 2913 “
338 2905 459 2977 queant
485 2900 576 2955 certo
603 2892 745 2977 probari,
775 2910 811 2955 ae
826 2890 974 2979 proinde
989 2889 1106 2955 adduci
1128 2890 1162 2953 in
1182 2881 1305 2971 gratian

339 2994 670 3079 divinitatisaliorrjus
683 2996 851 3075 doetrinae,
873 2996 1051 3061 omittenda
1064 3009 1154 3063 sunt·
1164 2996 1196 3060 in
1210 3004 1306 3078 qnaes-

338 3099 427 3164 tione
439 3097 567 3162 aetrrati.
581 3134 625 3146 -—
638 3100 804 3183 Derogans
822 3102 927 3168 ordini
948 3102 1092 3189 physion·
1110 3114 1167 3167 aut
1179 3088 1304 3165 morati:

342 3204 432 3269 Facta
453 3203 540 3271 enirn
557 3206 855 3295 produonntnrper
880 3208 976 3273 vires.
1005 3208 1220 3273 Densatrtam
1236 3200 1307 3267 virts

233 3395 236 3399 A
341 3311 448 3397 dirigit
463 3334 522 3400 per-
542 3313 646 3398 leges,
661 3314 768 3393 idest,
789 3334 846 3401 prr
863 3314 989 3400 regulas
1009 3313 1189 3397 generales,
1216 3310 1310 3377 deter-

341 3420 500 3487 minantes
512 3409 647 3485 modam
663 3420 818 3486 existendi
835 3420 999 3505 et-agendi
1015 3420 1146 3485 virium.
1166 3410 1310 3484 Cotteetio

340 3536 448 3602 autern
460 3523 761 3609 legum,‘quat‘enris
774 3526 964 3593 ordinantur
981 3528 1020 3591 ad
1042 3526 1166 3591 bonurn
1182 3522 1310 3589 entium,
1388 3588 1389 3591 ,

252 3665 266 3719 »ἢ
342 3626 521 3714 appellatur
536 3630 629 3696 ordo
647 3631 738 3698 Ordo
755 3646 867 3703 autern
888 3633 1006 3720 duplex
1024 3641 1091 3710 est,
1111 3630 1262 3717 physicos
1288 3630 1313 3684 θῑ
1388 3664 1389 3679 2

340 3733 485 3808 moralis:
499 3733 789 3822 Perlegesnrdinis
800 3738 920 3826 physioi
933 3748 1091 3823 reguntur
1103 3755 1251 3823 corpora,
1264 3744 1313 3817 ptr
1388 3790 1389 3797 ,

174 3882 177 3885 -
222 3906 225 3911 ,
342 3843 1027 3929 iegesordinisrnoraiisregrtntutrnentes
1044 3845 1210 3909 hnmanae.
1241 3838 1312 3903 Gitssi
1388 3856 1389 3911 t

342 3962 450 4017 autem
460 3948 528 4016 istae
545 3950 704 4033 iagesnon
719 3950 783 4015 sint
795 3951 995 4029 necessariae,
1012 3953 1114 4029 Deus,
1134 3964 1244 4014 aarum
1258 3942 1317 4006 'ins‘-
