3025 4725
641 462 683 499 .’..
706 447 773 517 205
796 488 839 499 -

253 566 383 661 nuntiat
397 590 524 659 Patrem
540 578 741 657 odorandum
766 592 799 656 in
815 590 933 679 spiritn-
951 606 983 659 et
994 596 1142 675 veritate,
1162 600 1232 667 cul.

249 694 390 785 tumque
398 700 578 775 mosaicum
599 695 939 780 abrogandum-iore3
954 719 1066 766 omnes
1085 703 1233 776 omnium

252 805 398 891 gentium
409 802 560 869 homines
576 802 616 868 ad
639 824 674 871 se
690 811 721 871 et
737 802 777 869 ad
790 823 927 888 regnum
940 824 1036 873 suum
1049 822 1206 874 convocat
1219 832 1229 889 ;

253 908 439 997 opprobriis
461 918 636 987 saturatur,
655 909 788 975 domum
799 909 883 976 inter
900 909 1039 978 latrones
1059 914 1232 982 crucifixus
1301 944 1305 947 ·
1342 970 1345 976 .

251 1014 401 1102 spiritum
413 1013 522 1081 tradit.
542 1013 641 1079 Porro
655 1024 765 1079 'nemo
786 1034 851 1081 non
868 1016 954 1081 videt
976 1022 1133 1102 qu'antr'rm
1145 1019 1228 1099 ista,

250 1120 419 1207 multaque
437 1119 503 1205 alia
526 1138 600 1206 quoe
624 1119 657 1185 in
687 1120 858 1204 Evangelio
882 1122 933 1187 de'
949 1122 1027 1187 Jesu
1045 1126 1241 1205 narrantum,

252 1224 503 1314 discrepaverint
517 1224 558 1291 ab
569 1220 871 1313 opinionibnsapud
883 1226 1014 1293 ludaeos
1028 1242 1122 1295 aetate
1136 1229 1233 1317 Apos-

252 1330 347 1400 tolicd
359 1332 575 1397 communitor
594 1330 729 1417 receptis
753 1331 795 1396 de
810 1336 973 1420 persona,
991 1334 1121 1399 dotibus
1153 1338 1231 1402 bles-
1269 1327 1272 1332 ’

250 1438 309 1503 siae
318 1436 456 1516 venturi,
469 1435 863 1503 etdoomnibusallessia
873 1438 1229 1525 venturoper'fieiandie
1301 1461 1306 1468 ‘

225 1613 228 1617 ,
249 1544 347 1628 Ergo.
1029 1575 1033 1580 ·

672 1553 674 1561 r

668 1625 671 1633 r

294 1650 377 1714 Item
398 1647 435 1713 30
452 1646 581 1713 dillnsio
594 1646 695 1735 mytbi
718 1646 893 1731 evangelici
911 1648 1060 1735 explicari
1084 1669 1149 1717 non
1170 1672 1237 1741 po·¹

204 1826 210 1837 ,
249 1764 334 1823 testi
357 1753 404 1821 tu
424 1752 513 1819 illam
530 1754 618 1819 enim
635 1748 857 1840 explicandam
879 1753 1130 1841 supponendum
1146 1758 1231 1827 ieret
1316 1796 1320 1799 -

248 1860 339 1926 buno
360 1858 599 1946 mytbum‚per
624 1858 741 1935 solam
755 1858 959 1927 traditionem
984 1860 1107 1929 oralern
1130 1877 1229 1933 trans·
1319 1923 1321 1930 .

246 1966 398 2043 missum,
416 1976 627 2053 propagatum
644 1964 743 2030 luisse
754 1964 788 2028 in
804 1964 923 2032 saeculo
942 1966 1038 2033 bonis
1055 1969 1177 2038 artibus
1191 1975 1230 2039 ao

245 2069 362 2136 litteris
379 2079 525 2147 carente,
539 2079 577 2143 'et
602 2070 688 2156 apud
710 2070 847 2157 populos
863 2071 997 2137 minime
1012 2074 1143 2161 politos,
1158 2098 1228 2145 eres.

244 2162 357 2255 dulos,
377 2174 417 2241 ad
445 2170 704 2263 superstitionem
729 2176 899 2262 proclives,
927 2178 1092 2265 simulque
1115 2200 1227 2247 omnes
1337 2205 1340 2209 ·
1368 2163 1371 2169 Δ

243 2282 357 2349 cultus
373 2279 545 2347 tolerantes
558 2290 590 2345 et
608 2279 650 2345 de
672 2300 764 2346 novae
786 2279 940 2347 doctrinae
961 2285 1171 2350 sectatoribus
1188 2285 1227 2350 sia
1254 2291 1256 2294 ’

243 2397 300 2456 out
316 2400 350 2454 et
365 2388 410 2453 de'
421 2385 491 2454 aliis
507 2387 601 2451 sectis
617 2391 732 2474 parum
748 2399 909 2452 curantes.
923 2387 1022 2468 Porro
1035 2388 1226 2455 haecomnia

248 2505 324 2558 sunt
346 2491 439 2588 falsa.
466 2486 662 2559 bettane
692 2492 846 2556 asseritur
865 2489 1030 2556 historiam
1054 2493 1125 2558 ritae
1147 2493 1226 2560 lesu
1336 2525 1339 2530 ·
1383 2492 1386 2503 '

251 2592 348 2678 longo
374 2609 520 2684 tempore
547 2617 605 2684 per
629 2597 737 2670 solam'
752 2595 957 2661 traditionem
978 2595 1099 2662 oralem
1113 2596 1225 2663 ⁴luisse
1278 2681 1282 2689 1

252 2702 482 2790 transmissam.¹
505 2701 639 2768 licentra
667 2701 862 2786 gravissimis
877 2701 1072 2768 testimoniis
1102 2710 1227 2770 constat

248 2801 425 2874 doctrinam
441 2821 473 2876 et
487 2819 575 2894 gesta
587 2807 702 2876 Christi
711 2807 809 2896 paulo
820 2821 892 2896 post
901 2807 971 2895 ejus
982 2817 1120 2877 mortem
1129 2811 1226 2898 scrip

245 2909 289 2977 tis
301 2909 583 2982 fuissc'mandata.
606 2917 696 2982 Hanc
720 2915 855 3004 quidem·
873 2917 1131 2983 testimoniorum
1148 2938 1225 2984 auc·

241 3015 406 3086 toritatem
423 3021 464 3087 D.
483 3021 610 3087 Strauss
626 3019 788 3088 declinare
804 3021 948 3101 molitur,
967 3022 1024 3088 sed
1040 3027 1223 3108 perperam,
1309 3082 1311 3086 .

240 3121 492 3212 vanissimisque
516 3129 712 3211 argumentis
730 3140 766 3192 nt
782 3126 867 3193 inira
892 3127 1064 3193 uidebitur.
1090 3127 1122 3190 ἱ).
1151 3127 1223 3193 Diei
1269 3132 1290 3188 s

241 3227 340 3293 etiem
367 3231 481 3315 nequit
515 3232 732 3297 narrationem
764 3233 980 3317 evangelicam
1014 3243 1223 3318 propagatam
1288 3294 1290 3301 ,

237 3331 342 3398 luisse
358 3334 392 3398 in
405 3336 524 3402 saeculo
537 3344 666 3403 carente
676 3337 771 3404 bonis
787 3325 909 3404 artibus
921 3360 958 3407 ac
973 3338 1103 3416 littorio,
1118 3339 1224 3405 illam·
1259 3348 1261 3359 '

241 3439 1222 3528 quediffusionemhominumignorantiaeessetriouendam:
1283 3496 1287 3500 .
1331 3530 1336 3539 .

240 3541 409 3627 Siquidem
423 3545 512 3614 bisce
527 3541 727 3636 temporibus
740 3550 780 3614 ad
794 3548 974 3636 splendoris
990 3549 1144 3634 etglorioe
1159 3549 1223 3621 las·

239 3645 357 3730 tigiur'n
386 3665 520 3720 venerat
549 3655 721 3750 imperium
752 3655 953 3735 Romanum,
978 3655 1159 3750 litteraeque
1189 3667 1222 3720 et

234 3763 326 3820 artes
339 3757 480 3826 maximo
497 3758 530 3826 in
546 3759 670 3828 bonore
685 3759 900 3829 habebantur.
923 3760 996 3829 istis
1010 3771 1118 3828 tamen
1138 3767 1220 3830 tem-
