3025 4725
723 631 926 703 -389-

325 774 1314 873 praedicateErronpaiiurn..somneshpostoiiCccicsias'ian·¹

330 891 458 965 darunt,
470 887 552 952 inter
568 884 625 953 eos
640 894 749 951 autem
761 880 855 970 pauci
871 879 972 948 libros
984 882 1173 951 ediderunt.
1183 885 1313 974 ipsimet

328 992 469 1085 Apostoli
492 1005 524 1059 et
546 988 695 1078 discipuli
718 986 834 1057 Christi
862 987 919 1075 qui
935 988 1052 1077 scripta
1075 989 1309 1078 reliquerunt,

328 1101 417 1190 prius
432 1099 502 1165 rivi
512 1094 816 1184 rocepraedictrunt
827 1094 1047 1179 Erangciium
1059 1096 1316 1187 doctrinamque

326 1218 359 1275 et
374 1214 462 1292 gesta
484 1202 600 1270 Christi
616 1201 786 1297 scripture
800 1198 996 1267 mandarunt
1011 1198 1129 1288 clapsis
1146 1201 1190 1268 ab
1208 1204 1314 1271 Eccie'

327 1312 375 1381 sih
388 1310 521 1379 fundata
531 1305 601 1397 jam
615 1304 764 1395 pluribus
778 1306 881 1383 annis,
891 1302 1121 1385 chm,'bistorid
1133 1318 1229 1386 teste,
1245 1329 1314 1377 orn·

329 1438 387 1485 nes
402 1416 440 1483 N.
457 1411 651 1481 Testamenti
665 1422 771 1501 partes
787 1411 978 1500 conseriptae
992 1410 1114 1477 fuerint
1132 1414 1220 1480 intra
1232 1426 1315 1482 tcm³

328 1522 415 1612 poris
423 1518 560 1609 epatium
578 1518 752 1587 decurrens
765 1516 806 1582 ab
824 1516 940 1583 annoti
953 1515 1117 1603 antipost
1125 1518 1311 1604 passionem

329 1628 445 1695 Christi
463 1626 624 1715 usquead
646 1626 767 1691 annum
780 1622 826 1689 65
841 1631 898 1689 aut
917 1622 961 1689 66
977 1623 1081 1689 aetatis
1100 1622 1304 1693 Christianae.

328 1736 409 1816 imo,
428 1747 462 1801 ut
478 1730 611 1801 historih'
627 1731 723 1799 etiam
739 1741 875 1808 constat,
899 1729 1149 1798 circumstantiis
1160 1733 1309 1799 acciden-

328 1842 445 1909 talibus
460 1840 724 1908 adscribendum
740 1837 863 1904 inducti
883 1836 1014 1904 inerunt
1036 1850 1195 1905 auctores
1212 1841 1252 1906 N.
1268 1840 1305 1905 Τ.

282 1946 286 1953 ’
328 1950 392 2029 Sic,
407 1946 833 2033 Evangeiiumscripserunt:
845 1942 1022 2022 Matthaeus,
1039 1944 1079 2008 ad
1096 1944 1311 2011 confutandos

326 2052 458 2117 Juuaeos
475 2049 707 2135 qui'negabant
719 2047 881 2113 Christum
898 2068 969 2114 esse
980 2047 1127 2115 Messium
1142 2071 1150 2126 ;
1166 2050 1306 2130 Marcus,

330 2152 688 2240 compulsus'prccibus
704 2152 945 2233 Romanorum,
960 2154 1110 2240 quicum
1126 2154 1219 2220 enixe
1237 2176 1312 2223 ora-

327 2271 440 2327 verant
460 2270 497 2323 ut
520 2258 675 2326 doetrinae
700 2259 805 2338 Petri,
831 2278 929 2345 quam
955 2259 1066 2326 auditu
1082 2263 1306 2349 'acceperant‚

328 2363 484 2450 scriptum
510 2361 642 2452 aliquod
674 2371 922 2429 monumentum
946 2363 1032 2451 apud
1048 2385 1084 2430 se
1109 2364 1307 2449 relinqueret

325 2469 381 2550 (1);
401 2465 514 2548 hucas,
533 2469 608 2555 quia
619 2468 744 2534 viderat
756 2465 874 2534 multos
891 2475 1013 2534 temere
1029 2489 1068 2536 ae
1081 2467 1304 2554 imprudenter

324 2569 494 2660 aggressos
511 2575 611 2642 fuisse
623 2573 838 2640 narrationem
856 2567 970 2640 eorum
988 2593 1062 2661 qute
1078 2590 1139 2640 non
1156 2568 1297 2661 periccte
1389 2574 1390 2619 i

324 2689 480 2749 noverant
500 2681 557 2762 (2).
571 2682 743 2758 Ioannem,
763 2678 874 2745 scribit
888 2679 1057 2757 Eusebius,
1073 2699 1176 2766 usque
1198 2677 1240 2745 ad
1252 2682 1308 2745 ex'·

324 2799 461 2854 tremam
475 2785 750 2853 senectutemsinc
767 2784 831 2851 ulla
839 2785 997 2871 scriptura
1009 2785 1217 2870 Evangeiium
1229 2805 1311 2872 prae·
1388 2810 1389 2877 p

325 2887 450 2960 dicasse
460 2891 515 2973 (bh
529 2905 560 2957 et
575 2891 664 2958 addit
680 2891 894 2977 Hieronymus
912 2899 990 2956 eum
1013 2891 1147 2958 undem
1161 2891 1204 2956 ab
1222 2889 1310 2980 Epis·

323 2992 1306 3086 copishsiae'compuisumiu'issessvangcliumscribereprop·
1386 3028 1389 3145 p

242 3145 243 3148 ,
323 3113 373 3164 ter
388 3099 607 3167 Chionitarum
623 3099 774 3167 heercsim
793 3089 870 3168 tunc
887 3100 1085 3166 exorientem
1103 3099 1160 3182 (d).
1175 3101 1307 3192 Epistoa

323 3196 388 3270 lam
404 3203 445 3271 od
459 3203 622 3273 Romanos
636 3195 763 3291 scripsit
790 3206 908 3272 Paulus
924 3218 1056 3293 propter
1082 3204 1307 3273 dissensiones

322 3307 405 3379 inter
418 3311 549 3379 iudaeos
568 3307 601 3378 ci
615 3312 759 3400 Pagahos
776 3331 881 3400 nuper
898 3332 1070 3378 conversos
1086 3312 1226 3378 ortasdc
1237 3309 1309 3398 jus-

235 3408 237 3415 ’
323 3415 410 3494 titia,
441 3437 539 3502 quam
563 3417 687 3506 priores
711 3429 842 3506 propter
869 3439 966 3506 opera
985 3417 1307 3505 ⁴iegis,'posteriorcs

322 3526 400 3584 storo
428 3527 559 3606 propter
586 3521 718 3588 virtutes
748 3545 823 3589 suas
856 3524 995 3589 morales
1021 3522 1082 3588 sibi
1117 3543 1307 3590 concessam

319 3620 529 3712 jactitabant(
554 3625 693 3718 Primam
717 3623 965 3696 ad‘Corinthios
981 3626 1058 3694 item
1075 3628 1200 3716 scripsit
1216 3615 1308 3694 occa·

354 3865 389 3928 (n
404 3865 500 3917 nosen
516 3871 587 3918 narr.
603 3871 684 3929 nean,
699 3869 744 3920 un.
762 3869 794 3929 n,
810 3855 835 3932 p.
852 3872 893 3919 aa.
904 3898 938 3906 -
952 3871 988 3935 (a)
999 3861 1142 3932 toemgrrn.
1159 3871 1200 3932 nr,
1216 3865 1237 3920 ς’.
1259 3870 1302 3920 at.

322 3965 356 3975 -
370 3939 404 4005 (5)
419 3943 523 3994 ibidem.
538 3973 571 3982 -
585 3946 618 4008 (i)
634 3947 660 3994 S.
676 3947 781 3994 hieron.
797 3945 823 3993 ln
837 3947 882 3995 tib.
899 3948 930 3998 de
945 3951 1044 4010 script.
1060 3951 1199 4000 ecclesian.
