3025 4725
646 766 847 831 -lllll—

255 928 363 1005 missa,
375 926 407 990 in
424 924 542 1012 quihus
565 921 745 989 habebatur
761 922 871 988 relatio
891 921 933 987 de
960 922 1034 1001 rita,
1053 921 1230 997 miraculis,

256 1028 403 1117 passione
417 1040 447 1093 et
467 1038 569 1093 morte
587 1024 715 1091 Christi.
733 1026 766 1091 S.
785 1024 942 1102 lustinus,
960 1024 992 1088 in
1005 1022 1134 1110 apolog.
1154 1025 1172 1087 l
1190 1024 1232 1088 ad

256 1136 371 1199 tinton.
389 1131 520 1217 imper„
543 1151 578 1195 n.
597 1128 640 1195 55
660 1128 701 1194 ad
722 1128 778 1207 ts,
797 1131 966 1214 postquam
986 1126 1134 1192 disserite
1156 1144 1232 1212 pro·

257 1236 361 1324 phetis
389 1234 638 1323 praenuntiatum
663 1232 764 1297 luisse
788 1231 1075 1297 Christnmomnes
1098 1230 1234 1296 morbos

257 1352 459 1418 curaturum,
477 1350 623 1403 mortuos
645 1337 887 1414 suscitaturum,
905 1354 943 1401 ac
957 1342 1068 1422 postea
1088 1336 1122 1400 in
1137 1355 1236 1401 cruce

259 1448 462 1525 moriturum,
477 1442 583 1510 addit:
606 1472 619 1503 r
647 1444 723 1525 Quor
738 1443 866 1529 quidem
881 1440 924 1506 alt
940 1460 980 1505 co
990 1442 1079 1528 sacto
1094 1461 1175 1518 esse,
1194 1462 1240 1505 es

254 1554 408 1638 consectis
424 1550 483 1617 aab
494 1552 534 1617 P.
546 1550 653 1617 Pilato
670 1551 750 1615 actis
766 1548 888 1614 discere
898 1549 1047 1632 potestis.
1064 1573 1078 1605 ι
1107 1545 1237 1613 Tertul-

257 1660 375 1737 lianus,
402 1656 562 1746 apologet.
584 1656 657 1723 adV.
676 1666 763 1740 gent.
787 1674 820 1719 n.
847 1654 903 1732 hl,
925 1654 1108 1718 summatim
1127 1650 1238 1717 relatis

258 1762 373 1829 Christi
384 1763 492 1847 gestis,
512 1759 676 1847 adiungit:
699 1786 712 1819 ι
732 1758 782 1823 Eo
800 1758 910 1823 omnio
924 1776 1022 1841 saper
1040 1756 1166 1821 Christo
1180 1758 1237 1821 Ps-

258 1872 355 1948 latua,
374 1878 403 1933 et
429 1869 509 1951 ipsc,
530 1867 604 1949 jaim
630 1886 694 1951 pro
718 1864 779 1930 sud
801 1862 997 1928 coarctando
1021 1861 1233 1941 christianus,

260 1974 383 2039 Casan
408 1983 483 2037 *tuso
520 1970 647 2035 Tiberio
672 1970 875 2037 connovit-
897 2002 942 2024 .—
963 1967 1001 2033 20
1031 1966 1151 2051 Ρεμηί
1172 1968 1237 2033 ad·

205 2140 207 2147 .
257 2076 426 2145 mittebant
463 2073 617 2140 miracula
649 2072 786 2153 Christi,
816 2093 855 2139 ca
885 2083 993 2138 antem
1018 2072 1240 2139 attribuebant

259 2182 318 2247 arti
334 2180 480 2263 magicae.
498 2178 565 2245 Hoc
581 2191 705 2246 constat
721 2201 759 2247 ax
771 2179 973 2267 scriptisciS.
989 2179 1117 2247 Iustino
1135 2191 1168 2245 et
1181 2180 1238 2247 hr-

259 2286 358 2353 nohio
382 2284 562 2373 specialiter
587 2286 680 2353 editis
694 2286 735 2351 ad
752 2285 962 2351 refellendam
989 2284 1082 2350 istam
1094 2304 1235 2372 pagano·

260 2413 332 2458 rum
346 2391 602 2481 explicationem.
621 2392 731 2458 Celsus
747 2387 885 2478 loquens
903 2391 944 2457 dc
958 2391 1133 2470 lesu,'eum
1155 2391 1231 2452 dicit

259 2520 402 2586 ntupum.
428 2499 516 2565 Idem
547 2497 580 2565 in
605 2499 667 2564 alio
692 2498 764 2564 looo
788 2497 984 2563 Christianos
1012 2495 1137 2562 irridens
1157 2491 1224 2554 ait:

242 2635 278 2672 ,ι
308 2607 496 2674 Credidiatis
521 2607 627 2690 iprum
647 2623 714 2670 ease
737 2607 790 2668 Dc
807 2602 938 2681 uittam,
963 2603 1046 2688 qnid
1058 2597 1228 2663 cloudaaet

262 2735 360 2780 coecos
390 2709 653 2798 sonavit(l).»
682 2711 790 2789 lesus,
825 2709 931 2794 inquit
962 2704 1237 2783 Julianus,'nihil

199 2875 203 2885 ,
264 2831 416 2908 operatua
432 2829 478 2887 cat
494 2828 672 2886 meinorato
687 2814 834 2902 dipsium,
859 2814 925 2879 nisi
950 2815 1022 2898 quia
1044 2822 1137 2897 putet
1153 2812 1239 2876 irater

239 3027 242 3030 ’
263 3030 366 3082 laudare
385 3033 507 3080 loannem
526 3033 664 3093 Baptistam
684 3045 868 3095 precursorem
881 3029 976 3083 Christi
989 3036 1016 3079 et
1027 3029 1153 3080 iacobum
1170 3029 1240 3091 epis-

263 3121 354 3171 oopnm
366 3107 629 3170 hierosolymitanum.

300 3189 356 3248 ooj.
372 3186 397 3236 Ξ.
413 3187 439 3237 Si
453 3187 579 3251 Josephus
588 3188 647 3238 talia
661 3188 693 3239 de
704 3191 806 3270 Ghrijto
820 3192 982 3258 scripsisset,
997 3187 1069 3239 certd
1093 3187 1243 3255 agnovisset

263 3267 385 3319 miracula
399 3267 494 3319 Christi
507 3267 613 3332 ejusque
627 3267 768 3320 doctrinam
779 3272 910 3335 amplexus
923 3269 1026 3320 fuisset.
1150 3279 1153 3283 ’

278 3348 373 3413 ‘ltcsp
387 3351 442 3400 Non
464 3363 550 3399 rarum
567 3347 595 3399 ht
608 3347 725 3400 homines
744 3350 777 3402 de
790 3349 975 3402 Christianismi
1001 3346 1110 3397 renato
1133 3344 1246 3394 interihs

267 3430 397 3478 convictos
410 3429 437 3477 in
450 3429 600 3480 infidelitate
612 3429 778 3482 nihilominus
788 3442 952 3494 permanere.
1017 3433 1020 3436 ’

301 3509 358 3568 ooj.
373 3509 397 3556 5.
414 3507 440 3556 Si
453 3509 594 3558 retineatur
616 3515 701 3561 textus
715 3511 740 3560 in
753 3510 899 3560 narratione
914 3505 1035 3570 losephi‚
1051 3503 1130 3552 verh'a
1148 3502 1247 3552 subse-

266 3585 371 3654 quentia
388 3597 446 3634 cum
460 3585 663 3646 precedentibus
683 3588 789 3640 minime
802 3591 997 3644 connectuntur,
1024 3581 1093 3633 uadi
1106 3577 1248 3629 manifeste

267 3671 372 3728 apparet
381 3663 553 3714 testimoniam
567 3665 696 3718 laudatum
709 3668 788 3720 luisse
802 3666 992 3730 interpolatum.

265 3808 268 3813 1
299 3745 375 3806 Resp.
392 3742 511 3793 Fatemnr
524 3746 642 3810 equidem
657 3746 735 3799 verba
746 3749 1070 3810 praecitatacumcontextu
1079 3737 1247 3788 nonomninci

166 3835 169 3840 '
209 3871 211 3876 .
238 3819 241 3824 ’
267 3825 394 3877 contradi.
409 3825 503 3876 Similia
524 3835 609 3879 autem
622 3829 771 3892 frequenter
787 3824 1014 3891 deprehenduntur
1027 3822 1054 3870 in
1068 3829 1151 3882 opere
1166 3816 1247 3866 losc-

267 3907 321 3976 phi,
336 3907 380 3969 qni
392 3906 460 3969 saepe
467 3907 559 3970 sapias
572 3909 688 3958 ordinem
701 3907 826 3968 temporis
852 3902 1013 3956 solummodo
1024 3898 1151 3957 attandlii
1173 3895 1247 3958 atqui

268 3987 391 4049 temporis
404 3985 468 4035 ordo
482 3986 638 4036 servatoria
651 3986 708 4034 loco
721 3986 790 4034 circa
810 3998 886 4048 qnem
900 3981 1075 4051 conuorersia
1089 3982 1215 4028 versatur.

196 4089 199 4092 ·
300 4075 338 4140 (t)
355 4077 422 4143 orig.
440 4074 534 4126 eontra
553 4075 616 4123 Cels.
631 4073 679 4123 lib.
694 4071 718 4130 1,
733 4085 760 4123 a.
776 4073 921 4134 tinctio.
934 4068 960 4134 2,
975 4072 1056 4124 ni&
1111 4074 1114 4078 '
