3025 4725
704 648 977 736 -sts-'

322 818 386 880 ium
401 813 505 900 filium
518 812 660 879 asiuu..:
678 820 711 875 et
727 812 875 897 loquetur
880 830 995 895 pacem
1012 813 1172 899 aestibus,
1190 828 1220 881 et
1238 841 1308 905 pa-

322 928 418 985 testas
434 916 533 999 ejusd
548 915 635 980 mari
650 934 749 999 usque
773 916 820 980 ad
829 935 934 993 mare,
956 927 986 981 et
1002 918 1224 1000 tiliumiuibus
1244 944 1309 989 us-

322 1024 525 1111 queadfiues
541 1028 646 1085 terme.
664 1046 679 1077 ι

365 1130 498 1195 Mortem
511 1124 649 1192 libenter
664 1142 818 1213 passurus
834 1132 1026 1212 estproptes
1042 1127 1228 1212 iniquitates
1248 1132 1311 1198 ha-

321 1234 463 1303 minum:
480 1232 521 1299 is.
541 1230 596 1310 tu,
614 1228 654 1295 tt
668 1230 707 1297 ad
721 1230 777 1295 fin.
791 1241 823 1295 et
838 1230 882 1295 tta
904 1231 936 1295 in
951 1244 1094 1297 extenso.
1118 1260 1132 1291 ι
1155 1234 1239 1302 Eece
1251 1238 1310 1304 iu.

325 1344 440 1429 teiliaet
454 1356 566 1407 servus
582 1358 687 1415 meus,
706 1336 914 1416 eeattattmr,
933 1348 963 1401 et
978 1338 1171 1419 elevabitur,
1190 1353 1221 1406 et
1247 1366 1308 1410 su-

325 1446 428 1513 iiimis
443 1442 620 1509 eritaaide'.
644 1440 732 1507 Sicut
747 1440 980 1525 obstupuerunt
1000 1462 1099 1526 super
1130 1453 1161 1507 te
1184 1448 1303 1527 multi,

322 1554 368 1619 sie
387 1548 547 1637 iuqlarius
561 1548 622 1613 erit
644 1547 728 1612 iuter
747 1548 837 1612 viras
853 1557 1003 1631 aspectus
1027 1546 1109 1630 ejus,
1136 1561 1168 1614 et
1191 1554 1306 1635 farma

321 1658 483 1742 ejusiuter
495 1655 580 1743 filias
596 1654 774 1719 homiuum.
792 1653 856 1717 iste
866 1662 1016 1737 aspera-et
1029 1664 1140 1739 aetites
1164 1660 1297 1737 multas,

322 1762 534 1848 superipsum
556 1758 762 1825 continebunt
779 1778 872 1843 reyes
896 1778 1066 1825 ossuum:
1091 1762 1169 1845 quia
1183 1762 1298 1845 quibus

321 1890 388 1935 tien
403 1875 631 1933 estuarratum
650 1866 688 1929 de
704 1885 753 1943 eo,
772 1864 943 1941 uideruut3
969 1872 999 1928 et
1022 1866 1080 1949 qui
1094 1887 1159 1932 uos
1182 1868 1297 1933 audie-

321 1984 411 2050 runt,
436 1972 642 2053 contemplati
649 1980 768 2036 suut...
788 1970 830 2035 Et
852 1970 1005 2034 ascendet
1020 1970 1104 2035 sieut
1126 1973 1307 2056 uirqultum

322 2084 434 2141 aarum
445 2096 493 2153 ea,
511 2086 540 2139 et
551 2075 633 2139 sicut
647 2076 749 2139 radiu
761 2076 1110 2141 deterrdsitietttituau
1123 2078 1307 2158 estspeeies

202 2228 206 2235 -
322 2184 363 2258 ei,
376 2200 477 2265 neque
489 2180 604 2243 aecor.-
616 2189 646 2243 et
657 2179 799 2245 vidimus
817 2202 902 2257 eum,
924 2192 954 2245 et
967 2202 1031 2249 uas
1045 2190 1115 2245 erat
1133 2189 1303 2263 aspectus,

322 2299 352 2354 et
370 2286 625 2353 desideravimus
649 2306 738 2351 eum:
755 2289 956 2372 despectum,
976 2298 1005 2353 et
1023 2287 1237 2353 nouissimum
1253 2289 1331 2357 viu

320 2403 445 2471 rarum,
460 2394 568 2458 uirum
591 2394 760 2472 doiorum,
777 2405 807 2459 et
834 2397 985 2460 scientem
1011 2396 1256 2486 infirmitatem:
1275 2407 1309 2462 et

321 2501 418 2590 quasi
431 2499 638 2568 absconditus
658 2501 765 2566 uultus
785 2499 854 2583 ejus
884 2511 915 2564 et
933 2503 1117 2585 despectus,
1138 2503 1226 2566 uude
1246 2524 1308 2570 aes

318 2610 542 2696 reputavimus
556 2625 640 2674 eum.
658 2607 734 2672 Vere
749 2609 923 2690 tauquam
943 2615 1072 2673 uestros
1083 2608 1154 2691 ipse
1174 2608 1259 2689 tulit,
1273 2621 1304 2676 et

320 2718 448 2784 datores
463 2727 592 2782 nostras
613 2714 683 2799 ipse
705 2713 868 2796 portauit:
886 2722 916 2777 et
936 2733 997 2778 uos
1019 2715 1210 2797 putavimus
1232 2737 1301 2781 eum

320 2825 416 2907 quasi
424 2826 596 2906 leprosum,
613 2829 642 2884 et
650 2819 872 2903 percussumd
883 2819 951 2884 Deo
961 2829 991 2882 et
999 2819 1218 2888 humiliatum.
1230 2823 1295 2905 Ipse

320 2935 427 2988 autem
438 2927 626 3006 uulneratus
641 2934 687 2989 est
695 2933 834 3009 prepter
845 2924 1032 3008 iniquitates
1051 2936 1191 3000 uestras,
1208 2925 1301 2989 atui·

322 3037 373 3092 tus
384 3039 432 3094 est
442 3040 578 3112 propter
588 3031 710 3094 seelera
725 3043 860 3096 uestra.-
875 3029 1052 3114 diseipssuu
1065 3028 1153 3116 pacis
1174 3037 1296 3090 uestras

320 3150 419 3216 super
434 3151 524 3211 eum,
544 3142 574 3196 et
590 3133 692 3198 liuore
718 3137 789 3216 ejus
816 3137 925 3202 sanati
947 3150 1074 3203 sumus.
1098 3135 1210 3200 Omnes
1232 3151 1293 3196 uas
1407 3144 1408 3167 ¹

320 3242 416 3326 quasi
429 3259 506 3306 aues
518 3239 713 3316 erravimus,
736 3245 956 3327 uuusquisque
970 3243 1005 3308 ia
1021 3244 1112 3313 viam
1134 3260 1227 3306 suam
1239 3239 1294 3304 de-

320 3347 470 3411 eiiuuvit:
489 3357 518 3410 et
531 3345 641 3428 posim
657 3345 818 3412 Dominus
829 3349 863 3414 iu
880 3370 916 3412 ea
936 3349 1142 3432 iniquitatem
1158 3346 1298 3411 munium

319 3455 477 3516 uestrum.
493 3449 626 3515 (tutatus
642 3462 687 3517 est
697 3453 774 3537 quia
790 3455 1106 3538 ipsevoluitsetuou
1121 3452 1251 3534 aperuit
1264 3471 1299 3516 os

215 3587 220 3596 .
318 3573 430 3620 suum:
446 3557 528 3621 sieut
543 3556 612 3622 ouis
637 3559 684 3624 ad
699 3560 891 3625 occisionem
913 3558 1061 3637 ducetur,
1080 3567 1111 3620 et
1127 3557 1227 3640 quasi
1241 3573 1299 3640 aa·

319 3678 382 3726 uus
405 3679 516 3728 aarum
533 3665 680 3730 taudeute
696 3683 730 3730 se
752 3665 954 3743 obmutescet,
982 3673 1013 3730 et
1031 3683 1098 3728 uon
1114 3661 1243 3751 aperiet
1263 3682 1299 3725 as
1400 3686 1401 3691 ¹

199 3823 202 3826 .
320 3769 425 3832 suum.
442 3769 490 3832 Da
506 3771 670 3854 anausim,
686 3782 715 3834 et
726 3772 768 3834 de
781 3773 914 3854 judicia
921 3769 1068 3836 sublatus
1084 3776 1148 3831 est:
1163 3784 1297 3849 astura-

320 3873 436 3939 tiauem
448 3874 517 3958 ejtu
532 3875 603 3960 quis
619 3872 904 3961 enarrabitiquia
913 3877 1075 3942 abscissus
1087 3881 1134 3936 est
1149 3872 1190 3934 de
1213 3871 1296 3934 terra

318 3981 658 4064 uiuentimuspropter
680 3985 784 4047 scelus
802 3985 920 4067 popuii
932 3975 1297 4066 insipientissimum
