3025 4725
718 670 897 735 ..86-

528 860 668 929 i‘uucruu
685 864 728 929 ΙΙ.
749 864 797 927 De
812 863 902 930 Notis
917 860 1094 947 Nepotiois.

359 1024 484 1094 Deduci
504 1036 651 1116 possunt,
671 1028 756 1095 sicut
776 1040 862 1093 notae
884 1027 1040 1115 positivae,
1059 1048 1097 1093 ex
1114 1030 1304 1098 testimonio

315 1132 388 1212 Dei,
403 1152 495 1198 -ex
510 1133 691 1199 testimonio
709 1132 863 1211 hominis,
875 1152 964 1197 ——ex
982 1133 1201 1200 testimonio
1193 1137 1307 1225 ipsius

315 1251 382 1303 met
392 1239 559 1303 doctrinae

361 1344 389 1408 Ι.
408 1344 459 1409 Ee
476 1346 655 1410 testimonio
674 1345 753 1409 Dei:
765 1344 798 1410 si
815 1350 931 1432 nempe
947 1342 1025 1408 fiant
1037 1344 1240 1430 prophetiae,
1259 1358 1311 1411 aut

315 1448 470 1515 miracula
499 1449 624 1528 divina,
654 1450 695 1514 ad
726 1447 1126 1537 probandam'faisitate‘m
1163 1448 1307 1535 aiiqu‘us

317 1554 484 1621 doctrinee.
505 1554 686 1643 Prophetiae
704 1556 790 1621 enim
809 1568 840 1620 et
852 1554 1006 1620 miracula
1023 1556 1198 1641 supposita
1212 1554 1309 1642 aequi-

315 1668 456 1734 valerent
467 1670 650 1735 testimonio
660 1664 813 1757 implicito
824 1670 865 1734 de
874 1666 1010 1733 falsitate
1020 1666 1195 1736 doctrinae.
1209 1672 1308 1736 Porro

315 1774 535 1839 testimonium
553 1774 611 1839 Dei
625 1796 689 1841 non
704 1786 808 1861 potest
825 1794 896 1839 esse
910 1793 1097 1839 erroneum.

363 1880 407 1943 ΙΙ.
419 1880 471 1943 Ea
484 1879 662 1942 testimonio
676 1880 817 1944 numano
828 1904 839 1943 .·
852 1880 983 1965 Propter
992 1876 1135 1943 'rationes
1145 1878 1307 1965 expositas

316 1983 691 2065 ubideNotispositiqis.
710 1985 774 2064 Sic,
793 1986 912 2052 salsitas
924 1984 1127 2063 idololatriae,
1141 1984 1305 2050 Judaismi

312 2080 457 2160 actualis,
470 2082 717 2163 niatrumettsmi,
730 2093 792 2151 etc.
786 2134 809 2167 .,
822 2098 925 2194 potest
938 2085 1067 2175 probari
1080 2107 1139 2173 per
1150 2086 1297 2152 testimo

315 2186 405 2251 nium
424 2187 605 2253 doctorum.

356 2285 419 2355 ΙΙΙ.
434 2285 484 2357 Ec
498 2292 675 2358 testimonio
692 2295 858 2380 ipsiusmet
874 2298 1050 2365 doctrinar:
1063 2302 1241 2378 scilicet-
1258 2298 1291 2361 t⁰

315 2396 342 2462 si
365 2397 508 2464 doctrina
536 2401 732 2467 contradicat
755 2402 920 2469 evidenter
951 2406 1087 2484 rationi,
1112 2408 1158 2470 vet
1176 2393 1285 2486 ⁴quorid

263 2553 265 2558 -
315 2505 476 2592 dogmata,
502 2507 550 2573 vet
577 2508 683 2595 quoad
710 2505 969 2597 praescriptiones
995 2510 1163 2586 naturalem
1179 2543 1220 2554 -
1237 2502 1274 2568 2⁰

307 2614 340 2678 si
362 2614 507 2681 doctrina
535 2615 725 2704 sibimetipsi
745 2615 942 2682 contradicat
950 2639 958 2696 3
974 2655 1018 2665 —
1033 2614 1068 2682 3⁰
1094 2615 1120 2681 si
1145 2609 1282 2679 doctrina

310 2717 468 2806 posterior
486 2723 680 2788 contradicat
693 2721 801 2808 quoad
819 2720 968 2804 dogmata
986 2731 1018 2788 et
1033 2719 1283 2809 praescriptiones
1305 2753 1308 2757 ν

243 2875 245 2878 .
312 2826 474 2893 naturales
485 2822 639 2892 doctrinae
652 2827 750 2914 priori
763 2834 851 2893 certo
862 2826 1021 2892 revelatae.
1038 2829 1129 2906 Nam,
1142 2829 1174 2892 in
1192 2821 1290 2890 tribus

271 2937 272 2940 ’
314 2937 450 3000 casibus
446 2937 636 3021 praedictis
658 2939 683 3002 si
706 2940 811 3005 divina
833 2922 1093 3018 essctdoctrina,
1117 2929 1203 3004 Deus
1221 2931 1291 2999 sibi-

314 3035 441 3156 metipsi
458 3044 702 3120 contradiceret,
715 3043 802 3150 quod
818 3042 1017 3130 impossibiie
1034 3057 1137 3110 cst.-
1153 3043 1291 3109 Dicimus

314 3143 346 3209 in
360 3133 472 3210 ultima
488 3147 728 3244 propositione:
751 3174 765 3203 «
786 3151 894 3233 quoad
911 3149 1062 3234 dogmata
1079 3159 1111 3215 et
1127 3145 1291 3248 praescrip·

106 3321 109 3324 ,
224 3245 255 3336 f
314 3248 605 3328 denescetur-tusses
628 3247 740 3314 »Nam
758 3246 1013 3340 legesposrtrvae,
1026 3275 1099 3341 quae
1113 3267 1293 3341 temporum

314 3369 344 3422 et
361 3375 573 3442 personarum
604 3353 849 3423 circumstantiis
870 3359 1122 3426 accommodatae
1147 3359 1292 3430 suerunt,

310 3460 465 3552 possunt
458 3483 488 3524 m
500 3457 590 3536 alias,
611 3461 739 3550 mutatis
752 3464 1012 3545 circumstantiis,
1028 3465 1158 3531 mutari.
1177 3463 1293 3546 Volun-

274 3571 277 3578 ‘
312 3563 366 3628 tati
381 3561 627 3668 enim'positivae
653 3568 712 3632 uei
740 3569 815 3649 alia,
838 3570 962 3657 absque
983 3568 1240 3638 contradictione
1261 3582 1294 3630 ex

312 3681 401 3754 parte
422 3665 492 3750 Dei,
506 3674 679 3740 succedere
707 3684 883 3762 potest-
837 3671 931 3741 -d0
956 3670 1101 3744 Tandem
1125 3675 1293 3740 divinare·
1406 3662 1407 3665 ¹

311 3775 416 3862 putari
443 3797 504 3844 non
519 3773 622 3868 potest
646 3781 804 3859 doctriua,
823 3782 916 3873 cujus
931 3783 1080 3850 divinitas
1097 3776 1294 3880 argumentis

139 3884 142 3892 ’
217 3913 219 3916 ·
247 3923 248 3926 =
311 3879 422 3947 validis
440 3885 568 3971 prottari
586 3888 708 3978 nequit.

753 4025 843 4042 ι--Ι-
