3025 4725
567 434 699 501 -attu
724 474 768 485 -

173 601 249 647 non
272 599 366 666 posse
382 579 522 645 divinam
539 578 601 644 sibi
625 578 787 644 vindicare
804 567 973 662 originem.
995 580 1160 649 Contradi-

173 695 263 751 ount
278 684 364 749 enim
378 683 485 770 quoad
502 682 595 770 ptura
616 682 861 766 religionioerto
879 682 1037 764 revelatae,
1054 686 1160 773 plura·

172 789 345 877 queapud
365 810 419 855 eas
443 789 649 876 reperiuntur
668 787 747 855 salsa
773 800 804 855 et
819 808 906 856 sanae
927 789 1043 856 rationi
1063 793 1161 858 mani·

170 896 265 964 feste
278 895 503 984 repugnantia.

522 1077 769 1146 Puorusttto
792 1079 829 1149 V.

403 1278 489 1319 noua
506 1279 536 1320 nt
553 1278 682 1320 mum
699 1279 858 1340 nummum
876 1279 934 1320 mr.

223 1417 316 1489 Dixit
331 1416 418 1484 enim
445 1415 590 1487 christus
613 1415 771 1505 Apostotis
791 1419 873 1506 suis,
895 1417 1005 1484 Matth.
1020 1417 1078 1498 at,
1100 1417 1158 1486 tt:

175 1555 190 1587 ι
213 1522 459 1592 Proede‘oabitur
475 1523 535 1587 Ιιοο
554 1523 767 1608 Eoonpetium
784 1524 878 1610 repni
889 1525 923 1590 in
939 1526 1091 1590 universo
1107 1545 1161 1592 or·
1250 1575 1258 1586 .

176 1633 265 1699 bem
288 1637 318 1694 et
340 1639 415 1694 tune
430 1629 535 1693 ueniet
555 1629 800 1704 consummatio.
823 1618 900 1706 stit,
920 1641 992 1716 post
1002 1649 1161 1696 resurree-

175 1738 319 1813 tionem,
338 1754 393 1799 eos
413 1733 561 1811 mittens,
579 1732 690 1799 Matth.
709 1733 765 1810 28,
779 1733 838 1798 tu:
862 1733 1018 1813 «Doeete,
1042 1735 1159 1822 inquit,

177 1858 292 1906 omnes
305 1845 458 1922 peotes...
472 1835 514 1900 tt
528 1855 664 1920 eeaeepo
676 1835 840 1902 vobiscum
852 1857 923 1901 sum
940 1836 1086 1904 omnibus
1099 1837 1162 1902 die-
1260 1918 1264 1922 ,

180 1946 255 2021 buu,
270 1963 372 2028 osque
386 1942 433 2006 od
445 1942 754 2007 consummationem
770 1942 890 2008 aoeouti.
907 1943 1037 2007 »Unde
1054 1941 1163 2008 Chris-

181 2050 268 2116 tiana
284 2046 430 2113 doctrina
454 2045 607 2112 omnibus
623 2048 827 2134 temporibus
843 2046 981 2126 ettonis,
1001 2047 1160 2113 universae

186 2167 356 2232 creaturae,
375 2172 480 2238 usque
499 2150 540 2218 ad
572 2139 891 2220 consummationem
910 2151 1023 2219 soeculi
1047 2141 1166 2240 praediss

188 2257 288 2323 nanda
301 2267 367 2336 est3
385 2274 475 2340 ergo.
494 2303 496 2307 .

467 2580 516 2645 11·
532 2576 629 2647 rtns
644 2579 685 2645 1¹·
704 2572 860 2660 oonsr.

213 2776 306 2821 uno!
322 2780 523 2823 nrnurtouna
540 2779 709 2821 erumnam
726 2776 928 2845 commamrun
945 2776 974 2818 m
992 2774 1139 2817 scaurum

561 2870 595 2908 rr
613 2852 794 2908 montone?

236 2998 324 3068 Rasa.
336 2999 496 3067 Revelatio
518 2999 677 3067 Primitiae
688 2997 748 3063 tuit
763 3009 836 3064 ante
851 2997 980 3084 Moysen
997 2996 1165 3083 persolam

191 3105 393 3173 traditionem
405 3106 604 3173 transmissa.
617 3104 780 3171 Revelatio
795 3094 929 3172 Mosaiea
941 3100 1166 3168 continebatur

190 3209 222 3275 iu
246 3212 411 3300 Scriptura
427 3214 464 3283 V.
490 3211 687 3278 Testamenti
714 3218 746 3276 et
772 3208 804 3275 in
821 3208 1006 3275 Traditione
1019 3206 1164 3295 judaica.

190 3314 351 3383 Revelatio
362 3318 540 3385 Christiana
553 3315 735 3383 eontinetur
751 3316 783 3382 in
795 3315 958 3402 Scriptura
971 3320 1039 3381 tam
1050 3316 1087 3385 V.
1099 3320 1169 3383 tiam

191 3420 226 3486 N.
240 3424 450 3501 Testamenti,
462 3437 494 3490 et
510 3424 543 3488 in
555 3422 741 3489 Traditione
756 3420 941 3488 christiana.
1030 3462 1032 3469 ν

233 3528 415 3615 Antequam
440 3528 583 3613 singulas
608 3528 785 3616 probemus
817 3528 1036 3615 responsionis
1051 3537 1168 3615 partes,

191 3635 344 3717 quaedam
375 3636 598 3723 praemittenda
616 3642 691 3700 sunt
714 3635 745 3699 t.
768 3634 808 3699 de
835 3640 948 3700 natura
966 3647 996 3699 et
1016 3630 1171 3701 divisione

192 3738 400 3823 Traditionis‚
419 3744 453 3809 2.
473 3742 514 3810 de
532 3747 645 3808 natura
662 3754 693 3807 ot
708 3740 865 3807 divisione
885 3741 1070 3827 Scripturte.
