3025 4725
713 643 891 708 „ffl-

312 805 426 853 corum
440 783 716 851 coordinationem
741 783 782 849 ad
799 803 901 850 unuin
926 783 1037 865 tinent,
1057 787 1197 870 scilicet,
1222 795 1292 859 Gla*

311 894 397 958 riom
413 892 475 956 Dei
489 890 678 978 perbonam
695 889 877 956 universale
889 891 1025 956 entium.

685 1197 882 1254 ARTICULUS
899 1201 931 1250 ll.
949 1217 952 1224 ’

565 1361 613 1402 ΙΙΙ
628 1361 786 1402 stanton
800 1361 1031 1407 commun.

359 1503 450 1578 ilatio
474 1510 638 1580 collectiva
655 1519 714 1578 ‘est
736 1510 819 1576 ratio
841 1510 1019 1591 (facultates
1045 1507 1304 1597 intellectuales)

315 1621 514 1686 considerata
525 1622 684 1706 quatenus
696 1617 779 1683 inest
795 1615 976 1683 collectioni
993 1615 1182 1684 hominurn.

360 1727 450 1794 ilatio
461 1722 625 1793 collectiva
638 1735 742 1811 potest
758 1726 866 1790 testari
883 1723 924 1789 de
937 1722 1139 1808 iisdem-quae
1158 1723 1302 1790 affirmat

314 1835 395 1902 ratio
405 1830 582 1898 individua.
594 1829 732 1894 Proinde
741 1825 1039 1914 testimoniumejus
1049 1827 1299 1899 estitirtoricuna

315 1937 364 2002 vel
380 1935 572 2009 doctrinale,
588 1934 685 2018 proiit
699 1938 835 1996 testatur
851 1932 891 1996 dc
906 1931 1007 2010 sactis,
1026 1930 1076 1998 vel
1093 1932 1134 1997 de
1156 1932 1298 2000 veritati·

315 2042 376 2105 bus
391 2037 572 2126 (principiis
581 2044 636 2102 aut
657 2036 794 2120 legibus)
811 2037 1028 2122 generalibus.

362 2143 546 2224 Quaeritur:
565 2144 676 2210 Utrum
685 2144 771 2209 ratio
785 2145 951 2208 collectiva
962 2144 1026 2207 clici
1038 2145 1190 2225 coactata
1201 2163 1295 2211 aenan

315 2251 419 2333 napaei
432 2250 561 2337 definito
585 2252 672 2316 locus
690 2249 951 2333 principiorum?

361 2355 479 2425 Tribus
502 2355 737 2444 quaestionibus
763 2354 1012 2444 particularibus
1032 2356 1200 2443 aequivalet
1220 2353 1288 2421 baec
1349 2412 1353 2423 .

316 2464 451 2554 quaestio
467 2464 645 2551 generalis,
665 2463 806 2529 scilicet:
827 2464 862 2527 1⁰
887 2462 1002 2529 lltrirm
1028 2463 1105 2529 ratio
1125 2458 1279 2535 collectiva

315 2570 415 2659 possit
430 2592 604 2660 suggerere
618 2571 766 2637 veritates
782 2568 971 2656 prunarias;
987 2567 1024 2635 2⁰
1050 2566 1151 2633 Utrirur
1167 2558 1273 2629 veuls·

316 2682 532 2747 reseratione
555 2678 721 2746 collectiva
744 2688 903 2761 suggestae
919 2674 983 2739 sint
1002 2670 1156 2760 objectivb
1170 2674 1277 2738 certet

316 2782 353 2846 5⁰
370 2785 482 2853 Utrum
504 2787 568 2852 sint
581 2784 755 2850 fecundae?

320 2981 348 3030 12.
359 2983 381 3021 t.
396 2982 491 3023 mrum
505 2981 576 3023 ratio
590 2981 727 3022 cottcctiva
741 2980 825 3029 possit
834 2986 979 3031 suggerere
990 2978 1116 3021 veritates
1126 2970 1278 3031 numerius?

360 3108 456 3193 Hesp.
474 3108 566 3174 Ratio
583 3108 745 3174 collectiva
758 3114 861 3195 polest
876 3130 1049 3197 suggerere
1066 3113 1215 3178 veritates
1229 3105 1291 3197 pri·
1395 3110 1396 3151 3

317 3216 445 3284 marias.
872 3270 876 3280 .
966 3264 969 3271 ,

273 3319 277 3322 “
353 3322 520 3394 bucineto
543 3331 680 3387 constat.
710 3320 762 3389 Sic
787 3321 932 3390 collectio
957 3324 1128 3391 bantinum
1150 3315 1295 3411 saepdal-

316 3435 422 3499 iirrnat
433 3448 491 3517 per
506 3427 642 3495 modurn
658 3430 851 3509 testimonii,
868 3453 932 3497 non
950 3428 1294 3519 verdargunrentatio·

315 3538 378 3615 nis,
395 3535 474 3601 iacta
506 3536 629 3602 interna
646 3537 781 3605 actualia
796 3548 853 3603 aut
867 3540 1050 3625 praeterita,
1072 3538 1230 3603 omnibus
1246 3535 1292 3598 in·

315 3644 454 3711 dividuis
470 3644 673 3713 collectionis·
693 3649 898 3727 communia3
918 3649 997 3717 sacta
1015 3660 1146 3726 externa
1161 3639 1294 3711 actualia
1394 3696 1395 3699 η

316 3766 347 3817 ct
362 3754 534 3839 praeterita
546 3753 692 3821 veritates
704 3755 871 3839 generales
882 3755 979 3841 (leges
990 3749 1126 3831 naturae,
1142 3744 1295 3838 principia

316 3858 616 3939 rationisabsolutal
632 3874 692 3940 ate,
712 3875 790 3939 etc.;
814 3861 912 3926 modo
928 3866 1056 3938 tamen,
1078 3858 1104 3923 si
1122 3869 1237 3940 agatur
1259 3850 1295 3913 dt
1394 3884 1395 3953 f

262 4040 265 4046 ,
317 3966 502 4046 veritatibus
518 3968 736 4053 generalibus,
754 3969 835 4035 ratio
858 3966 897 4031 sit
915 3990 972 4055 per
994 3965 1220 4033 educationem
1243 3976 1295 4023 so·
1394 3984 1395 3989 ¹
