3025 4725
716 692 761 707 -
785 656 921 724 206-

320 797 437 885 jugum
466 794 632 881 religionis
658 816 751 862 norm
778 796 940 883 proedictis
961 796 1052 864 luetis
1077 798 1214 882 innixis,
1233 804 1305 875 r'ett

321 905 438 990 gionis,
459 904 604 989 inquom,
623 901 821 991 praejudiciis
842 924 879 969 oc
907 904 1139 991 cupiditatibus
1156 909 1308 982 humenis

322 1009 456 1075 omnino
472 1007 635 1084 odrorsae;
664 1005 751 1092 quod
784 1008 912 1071 summe
928 1006 1123 1075 absurdum.

366 1114 404 1178 ’5ο
421 1112 532 1181 Subito
545 1124 576 1179 et
589 1110 843 1180 extraordinario
860 1110 1042 1178 immutatio
1065 1117 1181 1201 quaeiu
1200 1119 1305 1202 cultu,

321 1220 480 1298 moribus,
497 1216 713 1305 publicisque¹
724 1216 921 1303 populorum
943 1218 1095 1286 institutis
1112 1243 1170 1309 per
1185 1228 1302 1310 preedi·

321 1328 479 1395 ustionem
496 1322 658 1409 religionis
677 1322 865 1389 Christianae
882 1336 1012 1410 operata
1031 1334 1091 1391 est:
1110 1327 1304 1399 idololatriae

320 1432 486 1503 exstinctio
499 1439 530 1498 et
552 1428 746 1497 introductio
763 1427 927 1515 purissimi
948 1450 990 1495 ec
1015 1431 1210 1498 sanctissimi
1233 1437 1301 1503 cul-

319 1548 369 1609 ttts
392 1590 402 1621 ,
420 1541 459 1607 in
475 1537 595 1605 familie
611 1534 715 1622 major
742 1533 961 1601 mansuetudo.
974 1556 1118 1617 morum,
1138 1542 1303 1611 servitutis

318 1648 463 1726 abolitio,
482 1647 515 1713 in
531 1642 712 1711 civitatibus
724 1662 885 1729 supremoe
897 1644 1061 1728 potestatis
1071 1644 1212 1730 benigno
1226 1661 1304 1715 tem·

317 1757 453 1845 pererio,
480 1754 564 1819 inter
579 1750 720 1817 civitates
743 1747 800 1835 jus
815 1748 960 1833 gentium
975 1750 1076 1833 magis
1092 1750 1297 1836 humanum

317 1864 388 1929 haec
410 1860 531 1934 omnin,
558 1856 730 1926 fetentibus
757 1854 900 1941 ipsismet
916 1854 1107 1923 Christianus
1134 1859 1300 1945 religionis

316 1967 465 2033 hostibus
482 1960 720 2037 infensissimis,
732 1968 874 2043 arguunt
888 1960 921 2025 in
935 1959 1179 2030 Christianismo
1201 1968 1299 2036 virtu-

316 2087 380 2139 tem
397 2068 573 2157 quomdam
594 2064 897 2145 extraordinariam,
908 2066 1061 2134 humanis
1076 2070 1200 2139 viribus
1217 2076 1301 2143 mul·

315 2187 349 2244 to
365 2174 634 2265 praestentiorem.
658 2168 836 2237 Christiane
863 2180 977 2259 ,autem
1002 2175 1116 2260 religio
1147 2184 1302 2269 supponit

316 2283 492 2359 Christum,
506 2286 537 2346 et
551 2279 585 2345 in
602 2274 731 2345 Christo
748 2278 898 2344 virtutem
908 2279 1005 2345 etiarn
1021 2281 1154 2352 minime
1163 2298 1296 2351 notore-

315 2394 392 2471 lem3
412 2409 488 2476 ergo
507 2410 571 2456 non
586 2381 762 2464 Christum,
776 2385 882 2470 qualis
894 2392 914 2453 ir
925 2387 966 2450 l).
980 2387 1105 2453 Strnuss
1117 2388 1288 2470 effirrgirur3

316 2522 393 2586 ergo
406 2519 471 2566 non
489 2497 650 2564 Christum
668 2513 787 2578 purum
804 2491 983 2570 hominem,
996 2493 1162 2578 simplicem
1179 2490 1286 2575 philo*-

314 2607 454 2698 sophum
470 2628 478 2686 ;
497 2623 574 2689 ergo
590 2620 655 2666 non
668 2597 830 2668 Christum
841 2615 968 2662 merum
986 2592 1287 2684 symbolumhuma-

302 2716 434 2786 ‚nitatis

358 2826 402 2888 ΙΙ.
421 2823 564 2907 Systema
580 2817 623 2882 D.
634 2815 762 2884 Strouss
778 2813 865 2880 salsis
883 2811 1063 2881 rationibus
1080 2812 1205 2878 nititur,
1273 2830 1276 2834 ·

347 2927 436 3007 aotj.
456 2927 491 2988 l⁰
516 2927 565 2988 De
590 2922 832 2988 authenticitate
848 2919 1094 3004 Evangeliorum
1119 2925 1208 2985 certo
1232 2939 1300 2984 non

313 3039 459 3108 constan
475 3024 786 3110 siquidcmlnullum
808 3036 913 3109 potest
935 3021 1043 3088 afferri
1074 3024 1297 3090 testimonium

313 3131 508 3217 sire-oculati
526 3129 613 3194 testis
634 3128 689 3211 qui
710 3140 858 3194 auctores
883 3129 998 3196 viderit
1019 3129 1191 3213 Evangelia
1219 3129 1298 3194 scri·

312 3245 446 3322 bentes,
463 3239 539 3306 sive
558 3231 646 3299 testis
676 3232 772 3296 auriti
796 3235 853 3319 qui
883 3257 939 3301 eos
963 3235 1102 3321 audierit
1116 3247 1301 3300 asserentes

268 3365 270 3370 “
312 3338 684 3430 Evangeliahsefuisse
701 3339 831 3425 scripta.
857 3342 998 3425 Ergo...
1122 3413 1129 3416 ,

356 3452 501 3534 ΙίθερΛ.
516 3446 606 3514 ilatio
630 3443 722 3512 alluta
741 3445 826 3520 salso,
839 3448 950 3522 nititur
970 3444 1144 3534 principio,
1175 3444 1304 3525 scilieet

309 3555 583 3627 uut‘lrenticitate‘m
596 3551 723 3640 probari
737 3575 801 3618 oon
819 3574 914 3640 posse
929 3553 997 3617 nisi.
1005 3573 1063 3638 per
1072 3549 1306 3626 testimonium.

310 3662 428 3730 oculati
444 3673 498 3726 aut
510 3659 605 3726 auriti
622 3659 721 3728 testie.
738 3659 785 3725 Ab
803 3654 955 3733 omnibus
972 3665 1082 3722 nutem
1099 3655 1301 3734 odutittitur,

308 3774 448 3860 utsuprlr
462 3770 614 3848 vidimus,
631 3768 687 3834 ubi
701 3770 741 3834 ole
753 3769 889 3834 Ratione
905 3765 1086 3846 collectiori,
1106 3763 1147 3827 ad
1165 3763 1301 3833 certitu-

308 3878 476 3946 dinemde
489 3875 733 3950 authenticitate
762 3872 935 3960 eujusdam
960 3870 1035 3936 laeti
1059 3870 1092 3937 iu
1111 3887 1233 3952 genere
1251 3887 1300 3934 rc·

303 3986 392 4073 quiri
409 3993 440 4050 et
451 3983 599 4050 sufficere
609 3979 828 4046 testimonium
841 3978 1022 4060 legitimum
1041 3973 1128 4062 quod
1146 3993 1205 4060 per
1222 3992 1297 4038 eon·

1430 3953 1433 4058 l
