3025 4725
627 284 656 289 ,Ἶ-
665 280 1013 290 v---w--o.·-···--=·w-·v------------------v------
1022 280 1072 289 ---··-v
1083 282 1097 286 -
1107 282 1143 285 ----
1164 282 1167 284 -
1196 282 1212 285 --

601 475 826 543 -109-”

211 622 350 709 tegritoti
366 620 529 685 iihrotunr
542 636 676 683 suorum
694 616 940 701 inuigiiaverunt
955 614 1072 699 Judaei,
1085 630 1120 683 ut
1135 639 1191 683 cu-

205 731 328 817 jusque
355 726 428 791 iibri
444 725 566 790 titt-cres
583 724 835 800 numeraverint,
855 723 921 788 imo
936 726 1194 809 computaverint

211 834 339 922 quoties
351 829 581 903 eodemlittere
599 829 630 893 in
642 827 894 915 quolibet-libro
910 830 1123 895 contineatur.

258 942 389 1005 Factum
412 934 600 1021 integritatis
613 931 821 1000 Pentateucbi
838 934 952 999 debuit
968 936 1130 1002 observari
1144 937 1193 1001 in-

208 1048 344 1133 rupere
367 1040 575 1131 Christianis:
594 1040 646 1105 {sti
670 1040 759 1105 enirn
784 1040 920 1105 credunt
938 1042 1192 1111 pentateuchum

211 1166 284 1221 esse
308 1148 462 1221 librumh
475 1146 544 1211 Deo
563 1144 753 1230 inspiratum
773 1156 806 1235 ct
821 1143 1061 1238 religiosissuce
1076 1147 1193 1215 tunda-

212 1251 495 1329 mentum—Ab
519 1250 667 1333 lrostihus
696 1250 852 1315 Judaismi
877 1257 908 1316 et
933 1251 1192 1320 Christianismi:

213 1359 388 1428 Probando
417 1358 503 1423 enirn
528 1355 798 1424 adulterationem
823 1357 1044 1436 pentateuchi,
1064 1380 1103 1424 eo
1124 1360 1194 1447 ipso

214 1466 449 1535 destruxissent
467 1462 672 1551 probationes
687 1460 1002 1545 religionisludaicae
1014 1483 1051 1542 cn
1061 1464 1197 1554 prophe·

214 1573 268 1639 tiis
279 1583 311 1637 et
321 1568 484 1637 miraculis
497 1569 612 1655 Moysis
629 1568 781 1635 deducta.
803 1596 806 1602 ·

225 1722 227 1729 ι
264 1678 418 1763 Confirm.
440 1677 475 1740 i⁰
487 1674 723 1751 Pentateucbus
737 1694 802 1741 non
819 1675 923 1761 potuit
937 1674 1123 1756 adulterari,
1136 1677 1196 1744 nisi

214 1781 383 1860 studaets,
402 1780 451 1847 vel
462 1780 735 1853 consentientibus
748 1780 883 1858 Judaeis,
898 1786 933 1846 ut
943 1794 1028 1868 petet
1043 1804 1081 1849 ex
1097 1788 1196 1873 suprh

214 1889 381 1977 expositis.
406 1887 508 1953 Porro
534 1886 596 1954 hoo
624 1886 689 1951 dici
717 1906 782 1953 non
806 1893 925 1973 potest.
939 1888 974 1954 Si
988 1889 1076 1954 enim
1091 1890 1197 1959 Judoei

215 1993 445 2063 adulterationi
469 1992 727 2073 concurrissent,
751 1992 784 2081 in
813 1993 1029 2065 Pentateucho
1062 1996 1198 2064 delevis-

215 2114 285 2171 sent
297 2146 316 2180 ‚.
328 2110 386 2167 out
397 2095 507 2174 delere
522 2098 782 2179 curassentiocta
799 2100 921 2166 nationi
941 2122 1011 2169 suae
1025 2097 1194 2188 injuriosa,

215 2207 299 2293 leges
320 2204 496 2291 observatu
514 2201 718 2283 difficillimas
741 2217 773 2269 et
788 2204 891 2292 poeois
911 2202 1108 2290 grossissimis
1124 2230 1198 2275 son-

215 2311 303 2378 eitos.
324 2306 363 2377 2⁰
377 2307 411 2372 ln
430 2304 647 2372 Pentateucho
660 2307 781 2373 omnio
800 2309 907 2374 stricte
932 2322 1194 2386 concatenantur,

209 2415 316 2498 deges,
331 2414 506 2480 ritus-cum
521 2411 626 2489 sactis3
645 2410 724 2479 iacto
743 2412 899 2478 naturalia
917 2413 991 2478 cdrn
1004 2423 1197 2498 supernatu-

227 2517 352 2589 tatibus,
370 2517 547 2586 Porroista
564 2537 673 2582 rerum
699 2515 918 2582 concatenatio
939 2514 1198 2605 probabilissime

232 2631 299 2696 non
313 2620 471 2699 existeret,
501 2619 527 2684 si
552 2618 787 2712 pentateuchus
809 2616 1008 2707 adulteratus
1024 2615 1149 2684 suisset.

498 2797 509 2871 ξ
525 2817 548 2860 t.
558 2815 759 2860 pentateuchus
773 2820 813 2858 est
825 2791 925 2866 Peru,

458 2959 501 2998 sou,
512 2958 560 2990 vera
574 2950 621 2989 sunt
636 2947 688 2989 tecta
698 2947 718 2988 in
732 2945 871 2990 Pentateucho
885 2945 958 2988 relata.

263 3065 399 3133 Obrero.
429 3069 511 3136 Cirru
526 3072 691 3138 'ucrecitas
714 3071 877 3140 Geneseos
891 3056 1086 3164 specialibus
1102 3095 1198 3157 argu·

212 3172 515 3258 mentisprobonda
544 3175 603 3253 sit,
615 3175 721 3262 primo
741 3175 996 3244 iocoreierimus
1016 3177 1196 3244 testimonia

217 3273 249 3336 in
268 3275 405 3355 gretiam
424 3289 617 3344 caeterorum
635 3280 1038 3362 Pentateucbiiibrorutm
1056 3298 1200 3371 qnaetos-
1267 3277 1271 3282 ’

215 3377 361 3458 timonio,
382 3380 458 3448 licet
469 3405 534 3450 non
550 3387 582 3450 in
601 3396 716 3466 totum,
728 3388 940 3460 nihilomiuus
955 3393 1061 3476 quoird
1075 3409 1198 3480 portent

215 3484 378 3550 veracitati
397 3487 562 3556 Geneseos
579 3493 900 3580 propugnandoejhm
922 3499 1129 3575 conseniunt.

245 3587 285 3652 Ἰ.
300 3589 463 3660 Probatur
475 3597 631 3684 verooitas
641 3598 753 3677 Exodi,
764 3597 906 3680 hevitici,
918 3601 1176 3672 Deuteronomii.
1193 3647 1197 3652 ι

206 3753 225 3792 Ι,
259 3691 362 3759 Proh.
381 3697 410 3760 1.
431 3699 626 3768 Testimooio
640 3701 774 3790 Moysis.
791 3707 972 3792 -ttoyses
994 3726 1102 3790 narrat
1118 3711 1199 3774 torto

211 3799 427 3866 pentateuchi
453 3810 745 3890 cumconsictione
759 3811 911 3896 legitimo.

1038 3873 1161 3987 r
