3025 4725
646 420 847 485 -rtt-

243 564 372 631 tineam
388 576 419 629 ct
429 562 605 647 legitimam
622 565 738 630 seriem
748 566 879 631 testium
889 573 1034 633 recanat
1047 568 1089 632 ad
1105 577 1233 636 aetatem

244 672 331 752 iacto
356 682 565 735 coaetaneam.
595 671 632 737 In
657 671 776 758 specie,
802 671 886 737 iiber
909 670 1080 738 habendas
1111 680 1234 739 estao-

243 772 407 840 thenticrrs
424 776 456 841 in
473 775 538 840 iato
554 796 665 855 sensu,
685 778 819 863 quando
840 785 937 843 testes
956 776 1020 842 tide
1037 776 1126 860 digni
1149 776 1231 845 ahir-

240 889 335 945 mant
350 880 470 946 tibrum
499 882 700 968 praecitatum
718 883 877 949 exstitisse
908 884 940 949 in
957 890 1133 969 aetateque
1155 884 1232 949 vixit

237 993 357 1053 auctor
370 987 425 1053 cai
456 986 676 1067 adscribitor3
706 988 880 1055 habendos
902 1001 951 1055 est
975 988 1180 1056 authenticus
1194 992 1228 1057 in

238 1110 340 1159 sensa
369 1091 505 1171 stricto,
532 1094 667 1178 quando
701 1101 799 1160 testes
821 1095 886 1160 fide
918 1094 1032 1179 digni,
1061 1114 1119 1160 serr
1147 1117 1228 1164 com

237 1197 384 1283 legitima
418 1199 633 1277 convictiones,
656 1200 819 1267 affirmant
859 1202 957 1283 talem
978 1200 1114 1267 [librum
1141 1224 1226 1270 sem·

235 1324 294 1391 per
328 1303 529 1391 adscriptam
559 1304 657 1373 iuisse
682 1308 737 1391 tali
755 1308 892 1375 auctari.
918 1306 1010 1373 Unde
1040 1305 1123 1375 salso
1148 1330 1227 1377 con-

232 1400 383 1478 cluditur
422 1396 660 1497 supposititiam
703 1432 775 1478 esse
814 1412 1032 1479 narrationem
1065 1414 1225 1499 evangeli-

232 1536 303 1581 cam
317 1560 330 1595 ,
345 1514 530 1581 historiam
557 1516 629 1583 vitae
657 1519 735 1584 Jesu
759 1517 857 1603 longo
880 1518 1036 1606 temporis
1049 1520 1154 1607 spatio
1166 1539 1225 1607 per

231 1622 343 1689 aotam
370 1622 576 1707 traditionem
606 1622 729 1691 oraiern
759 1623 859 1690 icisse
883 1624 1119 1705 transmissam,
1153 1646 1224 1713 pos
1271 1714 1274 1719 ‚

229 1726 440 1813 sibiiemque,
457 1728 522 1793 imd
544 1728 746 1815 probabilem
762 1728 862 1795 foisse
880 1729 977 1816 hujus
992 1729 1134 1795 historiae
1150 1750 1221 1817 my-

229 1834 367 1900 thicam*
384 1832 561 1901 fictionem.
586 1872 633 1884 ·-
652 1836 686 1901 Ξ.
714 1836 800 1903 hicet
823 1835 956 1902 daretur
981 1833 1078 1902 vitam
1102 1836 1222 1902 dactri-

129 2004 131 2015 ,
230 1960 379 2027 namque
393 1940 472 2005 Jesu
489 1962 547 2028 per
563 1941 770 2008 traditionem
788 1942 890 2008 solam
904 1941 1048 2029 qaedam
1065 1943 1220 2029 temporis

230 2046 337 2131 spatio
354 2044 453 2110 foisse
468 2046 702 2126 transmissam,
718 2069 783 2113 non
795 2048 873 2113 inde
886 2048 1036 2134 seqnitur
1052 2047 1219 2115 historiam
1255 2113 1259 2118 ,

233 2149 303 2243 vitm
318 2150 553 2237 Jestrpotoisse
570 2143 743 2219 adulterari
763 2172 802 2221 ac
814 2153 1130 2241 prohabiiiirs‘ioisse
1150 2176 1218 2241 my-

235 2252 325 2321 thicis
337 2258 531 2322 commentis
548 2258 775 2326 adulteratam.
792 2261 864 2326 Sive
878 2261 963 2325 enim
977 2263 1220 2347 perpendantur
1281 2326 1286 2329 .

236 2356 435 2429 characteres
452 2363 616 2431 intrinseci
640 2368 834 2452 erarrgeiicae
852 2366 1054 2440 certatim>
1074 2375 1104 2427 V·-
1119 2354 1217 2446 'tt-'te-

241 2481 310 2528 tam
335 2469 485 2549 gravitas,
512 2470 667 2536 doctrinae
687 2464 832 2546 novitas,
859 2469 929 2554 ojus
956 2467 1116 2554 oppositio
1139 2489 1214 2534 cum

245 2565 428 2649 praejudiciis
458 2575 605 2661 ideisque
639 2575 861 2641 universaliter
893 2571 1050 2658 receptis3
1078 2571 1144 2636 sive
1172 2582 1214 2636 at-

244 2669 406 2742 tendantur
431 2680 679 2749 circumstantiae
708 2682 915 2756 extrinsecae,
939 2697 972 2743 v.
1001 2697 1033 2762 g.
1055 2690 1131 2744 aetas
1149 2685 1212 2764 qua

244 2777 421 2862 pervulgata
437 2787 636 2854 cstdoctrina
653 2788 782 2868 Christi,
796 2787 921 2854 indoles
942 2807 979 2852 ac
994 2807 1100 2851 nrorcs
1114 2806 1215 2874 popu·

238 2875 343 2947 iorum
361 2889 443 2972 aprtd
455 2911 532 2976 quos
546 2893 661 2974 diffusa
686 2907 746 2974 cst,
764 2893 1035 2960 contradictiones
1053 2914 1092 2958 ac
1108 2914 1213 2980 perse·
1244 2916 1247 2922 ’

212 3043 214 3048 ,
233 2987 378 3058 cotiones
391 2995 507 3080 quihus
525 2999 565 3064 air
576 2999 666 3065 initio
680 2999 738 3066 soit
755 3001 915 3078 obnoxiam
935 2999 1103 3066 manifeste
1119 3021 1213 3064 cons-

230 3103 274 3157 tat
290 3099 460 3184 mythicam
474 3105 742 3172 aduiteratiorrcm
760 3108 832 3173 vitae
852 3108 944 3185 Jcsu,
963 3106 1058 3170 etiam
1077 3124 1134 3189 per
1150 3117 1210 3171 tra·

226 3199 382 3270 ditionem
399 3211 609 3290 transmissae,
625 3211 723 3278 saisse
732 3214 866 3279 omnino
878 3209 1125 3302 impossibilem.

268 3307 345 3393 obj.
366 3310 404 3374 9⁰
422 3313 558 3380 Historia
574 3317 760 3402 evangelica
775 3332 824 3383 cst
848 3325 937 3384 certo
959 3315 1111 3402 mythice
1130 3315 1209 3381 Nam

227 3410 256 3474 l·
276 3434 390 3482 omnes
412 3417 586 3504 religiones
607 3423 753 3516 nituntur
779 3424 926 3510 mythicis
946 3422 1153 3490 commentis.
1172 3421 1206 3486 i.

216 3515 253 3580 In
266 3521 458 3605 ,evangelica
485 3528 668 3594 narratione
686 3529 977 3618 deprehenduntur
994 3548 1108 3594 omnes
1127 3525 1207 3600 cira-

217 3636 360 3692 ractercs
378 3631 513 3716 mythici
531 3633 688 3717 figmenti.

260 3728 308 3799 hd
329 3732 403 3801 1¹¹:
432 3739 531 3826 Rcsp.
551 3741 648 3842 Falso.
662 3742 817 3810 asseritur
833 3761 945 3809 omnes
971 3741 1139 3825 inponere
1156 3758 1206 3804 re·
