3025 4725
591 501 793 567 -i39-

203 646 232 699 2⁰
248 646 355 713 L'trirm,
379 644 495 699 noiione
513 642 660 699 veritatum
682 642 877 711 religiosarum
898 658 949 712 per
964 646 1075 701 reveta-

273 734 379 788 tionem
397 732 552 801 acceptati,
571 730 643 785 ratio
665 724 755 799 possit
774 730 907 787 veritates
926 730 1077 799 religiosos

272 820 392 891 probare
405 834 456 889 per
470 818 605 889 prinoipia
619 818 673 874 sibi
686 817 809 889 propria,
829 821 857 874 et
869 832 1004 889 enesim
1018 831 1073 874 ve·

275 909 386 964 ritetes‘t
432 944 931 964 ...........
950 930 978 961 ·.
1017 947 1025 961 .
1065 946 1073 962 .
1147 907 1185 964 to

203 994 396 1065 t.Theologus
408 1000 501 1067 potest
509 1011 561 1067 per
567 994 705 1066 principia
718 994 819 1051 rationi
828 996 943 1067 propria
954 997 1075 1067 probare

274 1084 369 1153 plures
389 1083 522 1141 veritates
542 1084 691 1140 revelatas.
831 1122 839 1138 .
879 1123 887 1138 .
926 1117 945 1138 .·
973 1120 981 1136 .
1019 1123 1027 1138 .
1067 1125 1074 1139 .
1148 1082 1184 1139 to

197 1170 229 1225 2.
244 1170 404 1239 Tneoiogus
421 1172 526 1240 potest,
541 1174 579 1239 et,
594 1170 618 1225 si
635 1184 696 1226 rom
711 1170 817 1225 babent
828 1186 893 1225 oum
907 1170 1076 1227 adversariis
1169 1171 1172 1179 '

275 1258 440 1326 negantibus
460 1257 657 1314 auctoritatem
671 1258 821 1328 Scripturae
839 1262 867 1313 et
888 1256 1078 1327 Traditionis,

275 1345 487 1415 debetprobare
501 1345 669 1415 Scripturem
680 1359 730 1416 per
743 1346 882 1401 rationem
896 1347 994 1415 solem,
1009 1346 1078 1402 Tra·
1095 1377 1097 1380 ·

275 1433 410 1490 ditionem
423 1449 476 1505 per
494 1434 632 1490 rationem
646 1436 684 1489 et
702 1434 874 1505 scripturam
877 1472 1074 1490 .....
1082 1460 1085 1466 ’
1148 1435 1185 1491 50

199 1520 231 1577 3.
251 1520 396 1576 Praediotis
408 1521 617 1592 probationibus
631 1525 800 1578 concurrunt
822 1522 894 1578 ratio
913 1521 1075 1603 individue,

276 1605 359 1660 simul
381 1606 497 1661 etrotio
520 1606 679 1665 ooiieotire.
726 1646 734 1660 .
779 1644 787 1659 .
833 1646 840 1661 .
880 1645 888 1661 .
928 1645 935 1659 .
975 1645 983 1659 .
1022 1646 1030 1662 .
1069 1644 1077 1660 .
1152 1605 1186 1661 51

205 1692 298 1752 Coroi.
313 1692 455 1749 Reiutatio
470 1708 584 1762 eorum,

239 1781 268 1837 1⁰
283 1782 330 1852 qui
349 1784 453 1851 negant
474 1782 607 1839 veritates
630 1781 878 1852 religiosasposse
896 1780 1010 1853 probari
1029 1796 1081 1852 per

290 1871 442 1936 rationem3
494 1909 501 1923 .
889 1884 892 1888 ’
1151 1868 1187 1927 5³

239 1958 272 2013 2⁰
286 1958 334 2028 qui
345 1957 483 2013 affirment
495 1957 562 2013 istas
575 1958 707 2014 veritates
714 1958 800 2028 posse
812 1958 926 2028 probari
933 1972 984 2027 per
991 1959 1083 2013 solum
1162 1951 1167 1959 ’

291 2045 403 2113 generis
412 2044 528 2101 humani
537 2044 866 2117 testimoniumtsyoemo
872 2052 907 2103 b.
918 2045 952 2103 oe
961 2045 1081 2101 Lamm-

238 2215 272 2271 30
287 2132 561 2285 ffifftiirmentiitos
575 2169 691 2286 probari
698 2170 1073 2285 pos'sopeiretionernpreo:
1154 2127 1190 2187 55

296 2302 379 2359 ticam
400 2303 489 2357 sotem
503 2300 784 2374 (systemaflermos).
870 2340 877 2354 .
918 2340 925 2353 .
964 2309 973 2353 .’
1024 2327 1035 2353 ·.
1076 2338 1083 2353 .
1156 2298 1192 2353 56

600 2447 746 2520 SECTIO
764 2449 805 2516 ii.
869 2478 873 2483 ·

421 2589 471 2630 mr
484 2587 587 2630 mou
600 2562 977 2628 sornbnnnbnnmos.

315 2741 557 2758 ,,,,,,
573 2713 610 2754 nr
627 2711 825 2771 nrvrnnrroxr.

200 2825 345 2926 Dividitnr
359 2834 445 2924 sectio
459 2833 488 2891 in
497 2827 565 2890 duae
579 2827 791 2924 dispbtationes.
808 2866 839 2925 ,⁸
879 2867 887 2883 .
926 2866 935 2884 .
975 2867 982 2881 .
1070 2863 1078 2879 .
1151 2826 1189 2881 60

510 2925 512 2928 ’
548 2963 792 3034 nrsnortr-ro
813 2965 842 3030 1.

491 3103 534 3142 m
548 3097 689 3148 scripturi
703 3099 730 3138 et
743 3091 910 3138 brennone.

598 3199 768 3270 QUAESTIO
781 3199 806 3254 1.
857 3263 860 3270 Ι

222 3329 319 3385 Utrirrn
336 3326 466 3392 Scriptura
479 3323 632 3378 ebTraditio
646 3321 698 3374 sint
710 3316 768 3374 ioca
781 3320 964 3386 principiorum
979 3317 1178 3371 revelatorum?

200 3447 282 3504 Tres
304 3437 474 3511 questiones
495 3437 524 3492 in
537 3435 585 3492 int
603 3433 781 3492 includuntur
784 3471 1081 3488 .......
1157 3428 1191 3484 61

205 3531 347 3594 Notiooee
357 3527 493 3599 prtem:
657 3523 663 3534 '
705 3523 710 3533 “
756 3521 761 3530 ”
1007 3522 1010 3526 “
1307 3586 1309 3589 Ι

206 3623 286 3677 Αιιτ.
301 3616 326 3671 Ιζ
340 3617 383 3672 De
400 3613 499 3669 natriri
517 3611 696 3669 revetationis
699 3642 1085 3667 .........
1159 3603 1196 3659 62

207 3709 287 3763 Anr.
302 3699 341 3760 11.
355 3697 403 3762 De,
416 3699 599 3772 possibilitate
618 3697 799 3754 revelationis
802 3730 1087 3751 .......
1124 3691 1193 3747 ibid.

208 3795 287 3851 Anr.
303 3791 355 3845 111.
370 3790 412 3846 De
426 3788 499 3844 notis
515 3785 695 3842 revetationis
698 3818 1087 3841 .........
1160 3775 1197 3832 68

209 3882 224 3952 ξ
244 3875 270 3932 1.
285 3877 383 3934 Utrirm
401 3873 522 3932 existant
536 3876 610 3928 notae
625 3871 826 3932 revelationis?
847 3904 1090 3925 ......
1126 3864 1195 3921 ibid.
