3025 4725
573 512 805 587 1-27-

224 649 434 718 danisulfieit
451 648 673 726 testimonium
691 647 872 730 legitimum
884 640 1075 715 dercalitate
1086 650 1216 738 objecti.

224 761 331 824 Porro
341 753 495 842 quaelibet
510 752 647 818 facultas
660 753 868 818 indiuidualis
883 741 1014 820 testatur
1027 751 1168 872 legitime
1179 757 1219 825 da

225 861 375 927 realitate
392 860 509 944 objecti
520 859 582 934 sui,
597 871 631 922 ut
644 864 741 942 supre
753 875 791 944 pr
794 857 974 924 obavimus.

278 966 384 1048 Objic.
405 964 441 1027 5⁰
460 955 605 1028 Fallibile
622 972 670 1028 est
685 963 908 1034 testimonium
926 938 1114 1031 facultatum
1135 967 1219 1033 indi·

227 1069 427 1148 vinealium,
445 1067 557 1134 dubiae
573 1081 649 1133 sunt
669 1069 805 1156 proinde
823 1089 934 1135 earum
951 1069 1194 1138 affirmationes.

275 1177 377 1258 Resp.
390 1173 432 1242 Ex
446 1164 484 1240 eo
496 1174 583 1258 qued
594 1161 773 1237 fallibilesit
784 1174 1005 1239 testimonium
1014 1173 1219 1256 facultatum,

230 1280 308 1345 inde
330 1277 480 1364 sequitur
497 1278 621 1343 tantiam
634 1289 777 1343 mentem
789 1299 885 1366 posse
910 1299 1031 1358 errare,
1050 1281 1076 1346 s'i
1093 1281 1219 1370 impru

231 1388 348 1452 denter
363 1391 396 1453 et
393 1371 551 1484 absque
561 1383 707 1450 examine
721 1383 840 1477 praeuio
858 1384 1079 1449 testimonium
1107 1404 1221 1450 earum

229 1497 404 1579 sequatur.
417 1482 487 1556 Sed
505 1489 639 1555 minime
656 1487 945 1574 concludipotest
936 1508 994 1575 per
1006 1508 1060 1553 eas
1072 1487 1219 1592 impossi-

228 1598 334 1665 bilem
352 1617 426 1662 esse
443 1585 645 1662 certitudinis
661 1593 919 1680 acquisitionem.
1241 1604 1244 1610 '

274 1707 467 1771 llxmmarro.
795 1712 798 1720 '

273 1811 443 1876 Dirimus:
473 1807 731 1876 «affirmationes
748 1807 936 1875 facultatum
965 1829 1035 1874 esse
1057 1808 1218 1895 objective
1254 1809 1268 1840 ²

228 1916 549 2003 certas'quibosdom
565 1915 802 1992 conditionibus
814 1917 943 2002 positis.
966 1943 980 1974 »
1000 1915 1152 1996 Proinde,
1177 1917 1219 1982 ad

233 2024 485 2113 explicationem
514 2021 766 2108 propositionis,
797 2021 1030 2107 quaerendum:
1064 2024 1243 2104 Quonam·

229 2133 295 2196 sint
317 2129 522 2195 conditiones
539 2127 702 2212 requisitae
725 2137 760 2192 ut
775 2129 1007 2214 affirmationes
1028 2131 1220 2212 facultatum

231 2233 695 2303 iradioidualiumsintcertoe?

275 2345 374 2428 Rccp.
393 2339 549 2433 Quinque
566 2339 776 2432 requiruntur
794 2352 825 2405 ct
840 2339 1016 2408 sufficiunt.

287 2452 323 2511 l⁰
341 2448 531 2538 Requiritur
544 2459 579 2511 ut
609 2445 777 2513 facultates
791 2464 855 2511 non
879 2448 942 2511 sint
959 2446 1087 2510 vitiatae.
1106 2444 1226 2522 Sociis„
1267 2470 1270 2473 ·

253 2570 363 2614 earum
375 2553 589 2620 testimonium
605 2560 691 2619 esset
706 2550 858 2629 dubium,
877 2562 911 2613 ut
928 2548 1059 2613 evidens
1075 2555 1135 2613 est.
1176 2594 1177 2597 ,
1201 2534 1202 2539 ἵ

300 2650 339 2713 2⁰
354 2653 522 2739 llequiritur
535 2665 571 2723 ut
583 2657 749 2744 objectum
767 2651 941 2728 testimonii
958 2652 996 2717 sit
1013 2670 1071 2739 per
1086 2648 1220 2717 faculta-

249 2770 298 2823 tes
306 2756 484 2829 immediate
498 2772 555 2831 aut
571 2764 712 2829 mediate
729 2758 944 2827 observabile.
964 2756 1112 2845 Alioquin
1126 2754 1224 2823 tacut

241 2876 321 2931 tates
336 2886 402 2931 non
416 2878 548 2955 possent
564 2870 737 2935 observare
753 2867 920 2933 veritatem
938 2865 1069 2952 objecti,
1095 2886 1132 2933 ac
1145 2885 1226 2955 pro·

236 2970 426 3040 indedeillo
444 2983 532 3041 certe
549 2975 902 3042 testari-Dicimus:
929 3002 942 3031 ι
963 2968 1149 3039 immediate
1165 2980 1221 3037 aut

236 3078 376 3143 mediate
392 3079 610 3151 observabile.
638 3078 874 3165 »Conscientia
903 3079 989 3145 euim
1017 3084 1048 3142 et
1063 3076 1219 3141 memoria

235 3197 370 3269 possunt
387 3186 562 3252 obseruare
580 3185 765 3252 immediate
782 3184 945 3271 objectum
968 3198 1064 3248 suum
1077 3228 1085 3259 ‚
1099 3178 1222 3275 scilicet
1252 3240 1255 3245 .

236 3286 313 3355 iacta
331 3289 486 3370 interna;
502 3291 573 3358 aliae
596 3300 703 3362 autem
725 3292 903 3377 facultates,
923 3288 1139 3357 mediantibus
1156 3297 1221 3352 tan.
1291 3320 1294 3327 .

236 3398 300 3460 tiam
316 3396 516 3481 imaginibus
534 3406 565 3510 ct
586 3397 679 3477 ideis,
704 3400 779 3486 quia
796 3396 960 3483 objectum
978 3408 1026 3461 est
1046 3395 1145 3463 menti
1167 3413 1220 3459 ex-

239 3504 378 3565 ternum.

276 3601 315 3666 5⁰
331 3605 525 3693 Requiritur
549 3622 583 3674 ut
593 3608 770 3675 facultates
788 3605 952 3693 objectum
970 3612 1087 3671 attente
1110 3603 1222 3669 obser·
1236 3578 1242 3609 ⁵

234 3711 388 3777 cauerint.
409 3713 524 3795 Sectis,
541 3714 711 3781 affirmatio
728 3727 812 3780 esset
820 3712 1003 3789 temeraria,
1015 3709 1222 3797 nccproinde
1263 3754 1265 3757 -

237 3813 460 3882 testimouium
475 3816 690 3883 sufficientem
707 3817 842 3882 baberet
863 3812 1110 3879 auctoritatem..
1298 3816 1301 3819 ’
