3025 4725
704 405 911 482 -lut-

361 552 403 626 dt
420 554 550 627 Constat
573 558 613 623 de
630 556 830 641 legitimitate
845 549 1055 621 convictionis
1072 543 1220 620 testium.

367 665 450 749 Quia
469 666 503 729 l⁰
520 674 581 729 stat
605 661 815 750 praesumptio
827 659 860 724 in
875 658 1010 743 gratiam
1029 658 1228 727 sincerltatis
1245 670 1299 725 tes⁸

320 772 416 850 tium,
436 771 539 835 donec
551 766 747 834 contrarium
761 777 905 842 constet;
918 782 1015 849 porro
1039 782 1103 827 non
1121 772 1265 831 constat.

368 877 451 960 Quia
475 876 512 941 9⁰
533 882 621 940 certo
650 883 773 939 constat
799 871 840 936 de
870 868 1071 952 legitimitate
1097 871 1313 937 convictionis

321 982 464 1057 testium,
483 980 509 1045 si
530 978 560 1044 l.
581 998 694 1045 eurum
710 974 878 1041 facultates
894 985 960 1039 hon
978 974 1041 1038 sint
1055 973 1196 1054 t¹itiatae3
1227 978 1255 1042 si
1282 978 1316 1043 d,

321 1086 442 1153 facttum
459 1086 500 1151 sit
514 1082 738 1160 observabile3
758 1082 784 1146 si
803 1078 835 1145 5.
861 1080 980 1145 iactum
996 1075 1092 1144 ltresit
1108 1085 1241 1147 attente
1261 1082 1320 1147 oh-

322 1204 500 1259 servotum.
524 1188 629 1277 utqui,

374 1300 405 1364 l.
418 1296 595 1363 Facultates
608 1294 733 1360 testium
746 1305 811 1358 non
820 1304 914 1357 erant
924 1286 1052 1370 tutatae,
1068 1294 1180 1379 quoad
1197 1292 1320 1362 lactum

323 1404 442 1491 dequo
454 1404 575 1489 agitur:
590 1400 734 1467 Absurde
749 1411 833 1466 esset
845 1394 1033 1486 hypothesis
1048 1402 1236 1484 contraria.-

369 1510 405 1575 il.
425 1510 615 1575 Factumest
630 1503 849 1572 observabiles
869 1502 935 1571 lloe
952 1504 1039 1571 enim
1056 1508 1319 1595 eratunieuique

324 1608 525 1701 generationi
541 1611 795 1688 observandum,
813 1606 949 1689 scilicet,
969 1614 1077 1676 utrium
1095 1628 1156 1678 suo
1169 1625 1339 1701 tempore.

325 1717 563 1787 pentateuchus
581 1716 675 1780 luerit
690 1715 901 1805 suppositus,
930 1738 988 1783 seu
1009 1716 1090 1783 lalso
1106 1719 1209 1807 Moysi
1227 1721 1316 1786 attri-

325 1824 438 1889 butus.
458 1824 548 1900 Nam,
563 1820 589 1886 si
604 1822 840 1891 Pentateuehus
853 1822 940 1890 nulla
952 1824 1160 1909 generatione
1177 1828 1319 1893 durante

327 1929 427 1993 luerit
443 1929 640 2015 suppositus,
657 1931 803 2019 sequitur
816 1933 997 1999 necessario
1007 1954 1082 1999 cum
1095 1952 1164 2000 csse
1176 1933 1312 1999 authen-
1325 1938 1329 1945 '

327 2028 440 2099 ticum.
456 2036 554 2101 Porro
572 2032 690 2103 lactum
715 2039 944 2126 suppositionis
965 2035 1058 2104 facile
1087 2040 1188 2129 potuit
1207 2040 1314 2104 ohser-

330 2141 395 2206 vari
413 2147 431 2207 a
449 2142 551 2231 primu
568 2146 777 2230 generatione
810 2158 842 2210 et
866 2152 884 2209 a
911 2147 1170 2230 generationibus
1193 2144 1307 2209 subse-

330 2250 517 2339 quentibus.
549 2251 639 2317 ⁸--h
675 2252 777 2339 primu
810 2254 1038 2337 generatione:
1071 2250 1177 2333 lloysis
1211 2244 1296 2306 enlm

330 2361 484 2430 coaetanei
507 2381 572 2426 non
592 2371 767 2448 potuerunt
791 2358 941 2442 ignorare
973 2361 1075 2426 utrum
1091 2353 1201 2440 lloyses
1218 2345 1292 2434 ipsis

333 2468 523 2557 imposuerit
547 2480 577 2534 et
605 2488 662 2558 per
693 2466 811 2554 scripta
835 2462 1051 2552 transmiserit
1064 2461 1149 2545 leges
1167 2449 1302 2522 nationis

332 2597 400 2641 suae
413 2576 645 2652 constitutitas,
660 2573 727 2639 sive
744 2571 805 2638 sub
823 2581 972 2656 respectu
991 2569 1153 2654 religioso,
1169 2564 1232 2630 sire
1249 2556 1307 2625 sub

333 2695 481 2766 respectu
506 2681 601 2744 civili.
627 2679 788 2757 Aliunde,
819 2676 845 2742 si
877 2675 965 2762 quod
997 2675 1076 2764 ipsis
1107 2667 1312 2760 superfuisset

335 2785 484 2860 dubium,
504 2783 710 2868 absque'ulla
726 2783 916 2848 difficultate
939 2782 1067 2868 Moysen
1082 2780 1188 2868 ipsum
1204 2782 1313 2864 patue-

262 2883 268 2892 ’
335 2894 410 2951 runt
432 2888 630 2970 interrogare
643 2891 752 2950 utrum
770 2887 866 2954 luerit
888 2900 998 2955 auctor
1018 2883 1239 2961 pentateuchi,
1257 2896 1314 2943 nec

336 3012 439 3056 ne.-
454 2993 585 3057 Factum
599 2993 829 3078 suppositionis
850 2995 955 3082 potuit
971 2991 1135 3058 observari
1153 2996 1171 3056 ir
1192 3004 1318 3076 genera·

337 3099 479 3168 tionibus
492 3099 620 3186 lloysen
631 3097 928 3184 subsequentibus:
946 3099 993 3166 Ad
1003 3097 1222 3182 detegendam
1236 3091 1316 3158 enirn

336 3206 565 3293 imposturam,
600 3201 782 3270 sufficiebat
817 3206 984 3291 inquirere
1020 3208 1129 3270 utrum
1155 3196 1317 3285 generatio

336 3311 522 3395 praecedens
539 3307 792 3374 pentateuchum
809 3310 996 3394 cognoverit
1010 3306 1153 3397 etylloysi
1166 3304 1319 3370 attribuo·

336 3416 391 3491 rit;
418 3415 444 3478 si
465 3413 551 3478 enim
572 3416 735 3498 generatio
756 3414 960 3504 praecedens·
978 3408 1240 3480 Pentateuehum
1259 3397 1318 3472 non

338 3520 533 3603 cognoverit,
567 3535 621 3588 aut
642 3521 740 3607 lloysi
765 3543 830 3586 non
863 3519 1057 3599 attribuerit,
1077 3539 1116 3584 eo
1137 3517 1209 3603 ipso
1239 3508 1320 3600 patet

338 3624 425 3690 hune
442 3625 559 3692 librum
579 3647 642 3694 non
660 3647 731 3694 esse
753 3625 990 3694 authenticum.
1009 3629 1109 3692 Porro
1126 3622 1200 3686 talis
1217 3615 1320 3705 inqui·

339 3729 409 3795 sitio
427 3729 525 3798 insilis
551 3732 609 3799 luit
625 3734 742 3820 cuique
759 3725 980 3817 generationi,
1000 3735 1076 3798 eiun
1092 3724 1317 3814 generationes
