3025 4725
722 669 902 737 -54-

329 811 424 878 victio
443 812 571 879 testium
594 813 633 878 sit
649 811 828 897 illegitima,
853 811 902 879 vel
920 811 1015 878 etiam
1034 811 1133 878 dubie
1156 801 1300 900 legitima,

332 937 445 984 eorum
471 919 689 986 testimonium
715 919 943 986 certitudinem
965 919 1147 1050 producere
1174 942 1241 988 non
1257 944 1307 1012 po·

332 1033 405 1102 test,
426 1025 605 1091 utcvidens
625 1033 684 1091 est

380 1131 491 1207 Portu,
503 1139 538 1196 ut
553 1141 677 1196 constet
686 1131 726 1196 de
737 1127 939 1215 legitimitate
950 1129 1316 1208 convictiontsmeccsse

331 1253 379 1307 est
396 1239 427 1304 l.
442 1245 475 1302 ut
486 1235 651 1302 iacultatcs
663 1235 791 1301 testium
806 1256 869 1300 non
879 1235 1066 1302 sintvitiatae
1078 1255 1086 1314 ;
1100 1235 1134 1301 2.
1146 1236 1317 1324 objectum

331 1346 371 1411 sit
387 1352 405 1410 ia
421 1343 555 1410 testibus
571 1340 794 1419 observabile;
813 1339 846 1405 5.
862 1339 958 1406 luerit
973 1347 1092 1406 attente
1105 1339 1316 1410 observatum

330 1451 522 1527 btestibus3
542 1461 576 1515 ut
592 1455 716 1515 constat
739 1467 777 1512 ex
795 1447 886 1512 dictIs
904 1447 958 1512 ubi
976 1444 1014 1511 dc
1031 1447 1242 1515 ¹certitudine
1263 1473 1317 1516 rc·

330 1557 427 1621 tionis
440 1554 676 1620 indioidttoe.—
687 1551 863 1618 Facultates
875 1564 982 1618 autem
992 1551 1122 1617 testium
1140 1567 1317 1622 censentur

328 1682 393 1726 non
416 1661 543 1738 vitiatae,
563 1661 588 1724 si
613 1670 710 1724 testes
731 1667 807 1722 sunt
831 1657 1010 1722 numerosij
1028 1655 1207 1741 Siquidem
1222 1661 1316 1726 ratio·

326 1765 476 1832 nobiliter
492 1765 630 1850 supponi
647 1784 712 1828 oon
730 1769 833 1848 potest
846 1781 958 1826 sensus
976 1759 1156 1828 multorum
1179 1765 1312 1832 testium

329 1893 403 1938 esse
424 1870 520 1936 simul
535 1868 596 1932 sub
614 1868 729 1932 eodem
755 1877 904 1953 respectu
928 1867 1063 1932 vitiatos.
1079 1903 1127 1916 -—
1139 1867 1312 1956 Objeetum

328 1982 479 2040 censetur
495 1968 661 2036 atesrtbus
674 1967 875 2044 observabile
888 1969 936 2034 vel
954 1989 1031 2048 non,
1058 1991 1117 2057 pro
1135 1981 1254 2040 natura
1266 1975 1309 2041 rei

326 2074 537 2140 observandae
549 2086 580 2138 et
594 2072 768 2157 capacitate
784 2073 926 2138 testium.
946 2073 1009 2152 Sic,
1035 2075 1187 2142 veritates
1203 2080 1309 2145 scien·

327 2176 421 2242 tilicrc
438 2176 544 2242 usalis
562 2174 664 2240 doctis
676 2181 751 2240 sunt
768 2175 986 2244 observabiles
1001 2198 1010 2254 ;
1024 2177 1208 2264 specialiter
1230 2179 1309 2247 iacta

325 2277 488 2351 sensibilia
506 2283 546 2349 ab
572 2282 738 2362 omnibus,
764 2283 860 2349 etiam
880 2283 1036 2364 indoctis,
1055 2297 1131 2350 sunt
1159 2287 1305 2353 observa·

324 2390 462 2457 uitta.-·-
479 2388 650 2477 Objectum
668 2396 818 2455 censetur
842 2396 960 2455 attente
979 2389 1193 2469 observatum,
1207 2392 1233 2455 si
1246 2411 1298 2455 re·

324 2512 445 2587 pugnet
472 2496 679 2587 praejudiciis,
710 2494 940 2582 cupiditatibus
958 2496 1095 2572 testium,
1119 2494 1288 2579 presertim

325 2608 469 2673 si‘tastes
485 2607 548 2674 sint
571 2603 750 2670 numerosi.
770 2601 1031 2671 Homines'enim
1055 2604 1164 2667 temere
1185 2604 1213 2663 et
1239 2594 1287 2659 in·

324 2712 526 2780 considerate
536 2733 599 2778 non
614 2711 787 2777 admittunt
802 2708 883 2775 sacta
905 2721 936 2773 et
948 2709 1095 2774 veritates
1111 2702 1293 2795 pvaejudiulis

323 2828 355 2885 et
372 2822 602 2908 cupiditatibus
621 2820 780 2906 opposita.

366 2925 575 2989 Condiciones
593 2925 755 3008 praedictae
769 2920 934 2989 sufficiunt
946 2922 987 2987 ad
1011 2917 1235 2987 certitudinem
1247 2916 1304 2982 ob·

318 3025 471 3110 jactivam
488 3013 660 3089 testimonii
681 3025 813 3089 rationis
826 3026 1012 3092 collectivus.
1031 3024 1085 3091 llis
1103 3021 1306 3091 enlm-eondi-

323 3127 466 3192 tionibus
483 3126 613 3213 positis,'
627 3126 709 3190 inter
726 3127 891 3213 objectum
909 3143 941 3199 et
960 3129 1145 3217 subjectum
1169 3130 1210 3195 de
1226 3128 1307 3193 veri-
1376 3173 1380 3181 -

324 3241 389 3299 tate
410 3231 541 3322 objecti
555 3229 797 3297 informandum
814 3230 905 3302 adest
920 3236 1151 3303 intermedium
1173 3244 1307 3310 certum,

322 3339 457 3422 scilicet,
491 3335 649 3405 convictio
681 3336 821 3421 legitima
855 3343 981 3407 testium
1000 3363 1058 3428 per
1084 3341 1307 3465 testinnonium

322 3443 447 3507 clarum
463 3440 661 3507 transmissa.

275 3587 279 3592 -
365 3546 409 3609 11.
427 3544 463 3610 Si
477 3546 695 3613 testimonium
722 3551 764 3615 sit
789 3554 983 3619 mediatum:
1000 3556 1039 3621 Ut
1056 3564 1180 3620 constet
1195 3553 1240 3619 de
1258 3573 1310 3618 va·

320 3650 389 3715 lore
401 3648 561 3738 objectiva
576 3652 770 3734 testimonii,'
782 3658 957 3741 requiritur
982 3671 1012 3725 et
1028 3658 1148 3725 suliroit
1163 3658 1312 3723 testimo·

320 3753 410 3819 nium
427 3756 469 3821 de
484 3757 736 3839 authenticitate,
758 3760 799 3825 de
820 3760 1000 3846 integritate
1019 3762 1223 3829 substantiali
1246 3772 1310 3827 tes-

317 3858 504 3939 timonii‚de
515 3864 685 3931 veracitate
698 3868 878 3953 primorum
890 3871 1031 3949 testium,
1046 3868 1220 3957 praecitatis
1236 3890 1311 3936 con-

318 3964 495 4050 ditionibus
514 3972 679 4037 vestitum?
