3025 4725
707 685 752 702 ..
779 632 820 716 tq
842 687 886 700 ..

350 793 378 857 l.
394 790 572 857 Facultates
590 789 751 899 praedictae
769 787 932 877 objectura
946 809 1041 856 suurn
1061 789 1159 912 utenti
1134 812 1295 928 propo-

308 891 820 985 tattntpermodumtestimonii·
905 915 909 922 ·
963 910 966 916 ·

349 1001 418 1065 lloc
434 1019 546 1066 verum
561 1013 610 1066 est
626 999 661 1064 l⁰
676 1000 716 1064 tle
731 998 954 1065 Conscientia:
974 999 1041 1066 Nou
1065 999 1186 1088 probat
1207 1005 1302 1086 enim

307 1103 369 1170 tale
383 1105 504 1170 iactum
516 1105 683 1171 actualiter
698 1105 731 1169 in
748 1105 854 1170 anima
867 1103 1014 1184 existere,
1050 1107 1107 1171 sed
1135 1107 1305 1198 simplici·

307 1222 356 1276 ter
371 1219 507 1278 testatur
522 1211 653 1291 sactum,
669 1223 701 1276 et
712 1207 814 1277 eredit
827 1231 930 1276 meus.
997 1222 1001 1230 '

353 1318 390 1382 2⁰
407 1319 488 1383 ltem
505 1317 546 1383 tle
560 1317 733 1383 ttemorta:
751 1317 819 1382 Non
838 1329 1081 1401 argumentatur
1098 1318 1137 1384 ad
1151 1309 1305 1404 probau-

309 1419 387 1485 dum
403 1416 566 1508 objectum
579 1439 695 1499 suum,
714 1419 772 1484 scd
788 1418 975 1538 simpliciter
994 1431 1127 1484 testatur
1142 1422 1214 1488 talc
1235 1423 1304 1490 sac-

308 1525 549 1592 tuminternum
562 1529 655 1592 antea
672 1522 830 1591 exstitisse
841 1547 874 1590 tn
891 1525 1009 1603 animi,
1020 1543 1097 1590 uum
1118 1527 1301 1608 relatione,

308 1631 357 1697 vel
378 1631 501 1717 absque
518 1629 673 1698 relatione
694 1631 770 1696 sacti
785 1631 902 1696 interni
918 1633 958 1697 ad
979 1631 1098 1698 iactum
1121 1637 1304 1742 externuni

311 1739 568 1824 praeteritorun
584 1737 761 1824 acquiescit
777 1758 881 1804 meus.

352 1843 487 1908 aetram
504 1843 544 1908 de
561 1842 772 1928 perceptione
797 1862 974 1910 sensuum:
1003 1841 1246 1914 Conscientia
1238 1865 1300 1912 rm-

309 1949 489 2033 pressiones
505 1965 661 2012 sensuum
679 1949 859 2034 expetitum
878 1957 1170 2036 statimspontanee
1184 1967 1218 2020 et
1228 1955 1300 2020 abs·

309 2075 374 2138 que
389 2051 568 2130 ratiocinio,
583 2052 746 2138 perceptio
760 2073 915 2120 sensuum
932 2052 1069 2120 affirmat
1085 2059 1296 2142 praesentiam

309 2158 466 2244 corporis,
484 2164 516 2222 et
532 2156 707 2243 acquiescit
719 2179 824 2224 mens.

354 2271 391 2334 40
403 2271 480 2336 ltcm
492 2263 537 2336 'de
550 2269 683 2336 Ratione
700 2270 881 2338 inductiva:
908 2272 969 2338 Per
982 2291 1136 2339 sensuum
1156 2271 1289 2365 percep

244 2374 248 2381 “
308 2374 563 2463 tionemconstat
590 2375 630 2439 de
652 2376 749 2441 modo
761 2376 919 2441 'existendi
934 2387 965 2440 et
982 2376 1110 2461 agendi
1124 2375 1287 2443 cummuni

309 2478 504 2565 quibusdam
515 2468 649 2565 objectis
667 2486 790 2546 naturae
811 2528 817 2544 .
833 2480 959 2557 Statim,
978 2492 1010 2544 et
1028 2478 1143 2563 absque
1158 2474 1277 2541 ratioet:

309 2583 379 2663 niu,
397 2584 479 2650 ratio
497 2582 665 2650 ‘inductiva
682 2582 820 2649 affirmat
836 2575 1077 2667 generalitatem
1089 2579 1173 2645 istius
1189 2572 1272 2643 modi

311 2685 572 2769 existenticc,·aut
591 2687 738 2765 actionis
765 2686 911 2773 quamvis
935 2686 1094 2774 concipiat
1108 2703 1175 2750 rem
1190 2690 1279 2770 posse

310 2791 372 2857 alio
384 2794 482 2857 modo
494 2795 630 2859 existere
642 2803 697 2856 aut
709 2791 857 2877 operari3
876 2812 946 2869 seu,
966 2790 1053 2877 quod
1071 2790 1156 2855 idem
1170 2794 1229 2866 cst,
1241 2778 1286 2847 ai·

309 2896 415 2961 firmat
430 2899 535 2979 legem
556 2906 691 2961 naturae.
708 2895 778 2971 sic,
791 2894 989 2967 observato
981 2894 1139 2960 tumultis
1162 2891 1288 2961 casibus

309 2995 400 3079 lapsu
419 3015 603 3079 corporum,
622 3016 712 3059 mens
729 3002 843 3099 sponte
860 2996 985 3079 exurgit
1006 2996 1047 3113 acl
1068 2996 1175 3091 legem
1192 3010 1290 3081 gene-

260 3139 263 3145 ·
311 3094 410 3159 salem
427 3095 635 3173 attractionis,
650 3107 712 3159 ete.
823 3101 825 3105 ’

356 3197 398 3262 5⁰
408 3195 861 3265 ltcmdc‘llationealcsolutt:
871 3172 1291 3288 ¹Conscientiaetperceptio

247 3382 250 3386 ¹
277 3323 279 3326 ’
306 3308 462 3374 sensuum
480 3303 579 3372 menti
596 3316 752 3370 testantur
762 3304 865 3373 iacta
857 3307 980 3375 rutenia
1000 3320 1031 3374 et
1058 3320 1200 3374 externa.
1220 3306 1291 3371 Sta·

309 3415 380 3490 tim,
395 3421 426 3477 et
446 3414 578 3496 absque.
591 3410 778 3493 ratiocinio,
802 3415 884 3481 ratio
897 3414 1044 3481 absoluta
1062 3412 1292 3499 affirmat-'pro-

252 3579 256 3582 .
276 3543 278 3549 ’
308 3517 483 3606 positiones
497 3518 662 3600 generales
679 3522 928 3611 etuecessarias
942 3522 1006 3599 Sic,
1019 3518 1125 3611 posita·
1140 3518 1291 3583 observa·

240 3690 244 3693 ,
305 3624 397 3692 'tione
432 3622 719 3711 pltaenotnenorum
744 3629 949 3697 internorum
974 3636 1030 3693 aut
1058 3620 1286 3695 externorum,

310 3728 407 3797 ratio·
422 3733 535 3818 sponte
559 3734 721 3800 concludit
744 3736 783 3801 sti
802 3732 1000 3803 existentiam
1022 3730 1212 3813 substantiae
1228 3723 1289 3795 sub

309 3837 501 3926 appetentiis
515 3835 713 3919 vobservatis:
724 3847 765 3908 ‘et
781 3835 944 3907 ultimoad
966 3834 1214 3907 affirmationem
1232 3826 1288 3918 ge·

309 3946 449 4012 neralctn
464 3955 493 4012 ct
504 3951 731 4015 necessariam:
749 3977 761 4006 t
777 3969 840 4013 non
853 3960 901 4013 est
912 3948 1150 4035 phaenomsnon
1164 3940 1288 4023 absque
