3025 4725
89 280 1415 318 W

650 480 850 543 -ii'i-

309 608 440 703 Quibus
454 622 577 708 positis,
597 621 905 688 sieraiiueinamur:
924 612 954 685 i.
965 624 1059 687 Foeta
1078 597 1241 726 praeeiiata

262 718 674 827 suntirisioriedeerta32
690 736 853 793 suniveta
872 728 1038 805 miracula,
1061 728 1094 794 3.
1113 719 1247 797 suerunt

261 829 376 894 edita
364 851 396 895 m
425 830 643 899 testimoniam
669 831 786 897 divinae
812 832 981 917 legationis
1003 832 1136 899 Christi.
1162 836 1242 920 Ergo
1331 866 1333 871 ¹

261 934 506 1022 eertoprobant
534 936 697 1006 Christum
723 936 821 1007 fuisse
852 940 926 1005 vere
950 960 969 1003 a
994 934 1065 1005 Deo
1092 941 1240 1019 missum,

259 1040 476 1109 Christianam
508 1043 658 1131 proinde
666 1042 855 1128 religionem
883 1063 954 1145 esse
974 1043 1138 1111 divinitus
1153 1067 1243 1113 rere

253 1144 372 1245 'iatam

311 1252 347 1317 i⁰
360 1253 456 1335 Faria
470 1254 629 1343 praeeiiata
644 1260 718 1319 sunt
741 1222 893 1319 historice
904 1262 1010 1323 serta:

306 1356 422 1425 Omnia
440 1356 526 1426 enim
538 1359 746 1427 referuntur'
736 1382 771 1427 m
781 1360 872 1426 irbns
885 1360 922 1427 N
934 1350 1144 1441 Testamenti,
1158 1378 1240 1449 quo·-

259 1484 336 1531 ruut
357 1463 535 1569 auotoritas
558 1466 708 1532 historica
735 1463 903 1551 legitime
895 1488 926 1531 tn
931 1465 1081 1533 dubium
1100 1470 1241 1583 reuocari
1307 1484 1312 1489 ’

259 1578 455 1657 noupoiest.
1121 1598 1124 1604 ·

307 1676 345 1741 2⁰
362 1676 528 1745 Sunt‘vera
547 1650 759 1745 miracala:

306 1769 441 1851 Naias.
461 1786 568 1851 omnia
597 1794 672 1851 sunt
688 1798 775 1853 extra
794 1801 1002 1851 communem
1027 1805 1134 1852 rerum
1153 1783 1239 1851 ordi·
1285 1794 1293 1800 ’

258 1914 350 1971 nem,
361 1902 394 1956 et
406 1890 488 1956 inter
504 1912 540 1957 ea
559 1890 650 2001 plura
663 1904 738 1959 sunt
752 1889 846 1978 primi
865 1890 1005 1976 generis,
1025 1902 1107 1977 ng.
1118 1890 1241 1958 'resur-

256 1999 419 2071 rectiones
432 1992 647 2063 mortuorum.
660 1996 696 2062 ἢ.
716 1996 807 2065 Nuiia
822 2001 946 2065 exstant
957 1999 1131 2066 miracula
1123 2021 1153 2063 m
1168 2018 1241 2083 gra·

256 2088 782 2179 tiamduetrinaeeoniradietoriae.
794 2098 833 2171 a.
844 2104 934 2170 Nuila
940 2104 1237 2191 ,praestatutam
1339 2130 1344 2134 ·

256 2234 356 2284 eausa
370 2204 535 2299 praedietis
549 2206 640 2274 iactis
657 2210 939 2297 potestassignari
933 2210 1027 2275 Non
1041 2227 1136 2277 eausa
1147 2218 1240 2273 natu·

254 2322 357 2390 ralis:
377 2312 558 2403 Siquidem
562 2313 643 2380 iacta
661 2314 702 2382 de
728 2312 848 2402 quibus
870 2312 975 2398 agitur
990 2314 1159 2381 manifeste
1180 2334 1240 2400 op·

254 2424 425 2519 ponudtur
437 2421 725 2489 naturaeiarturu'm
738 2421 853 2507 quaein
863 2419 978 2484 iisdem
992 2419 1240 2484 circumstantiis
1297 2475 1300 2485 .

261 2534 497 2617 producuntur.
510 2520 579 2596 Non
592 2522 871 2598 eausaimmana.
888 2507 1054 2610 Siquidem
1070 2523 1163 2610 plura
1175 2523 1241 2588 evi·

268 2635 376 2702 denter
390 2634 594 2703 maedam
566 2655 648 2702 mres
663 2630 842 2698 humanas
833 2649 865 2695 m
878 2647 967 2707 se,v.
984 2644 1017 2713 g.
1035 2625 1240 2694 resurreetio·

268 2755 329 2804 nes
339 2749 545 2829 mortuorum.
559 2740 675 2824 Qunod
690 2724 873 2831 sanationes
888 2735 1090 2802 infirmorum
1102 2782 1110 2813 ,
1123 2730 1241 2800 multas
1286 2817 1290 2823 ι

267 2821 401 2932 quidem
416 2847 508 2916 homo
527 2854 631 2938 potest
652 2845 780 2935 operari
796 2844 826 2912 si
842 2844 919 2911 artis
936 2843 1090 2936 mediem3
1123 2840 1241 2908 modus

260 2963 373 3022 autem
384 2973 445 3043 quo
455 2955 599 3024 Christus
612 2963 644 3022 et
656 2952 800 3044 Apostoli
821 2964 961 3039 aegrotos
978 2957 1134 3020 sandrtmt
1147 2967 1242 3039 pror-

243 3063 317 3127 *sits
328 3059 427 3134 etiam
446 3062 713 3130 exceditomnem
739 3060 946 3148 capacitatem
962 3060 1151 3124 humanam.
1176 3055 1242 3121 Nee
1305 3096 1312 3102 -

254 3185 358 3230 eausa
372 3164 557 3234 diabolica:
573 3155 718 3234 Fuerunt
734 3165 823 3254 enim
839 3165 956 3232 edita
948 3185 980 3228 m
1001 3161 1137 3248 gratiam
1159 3158 1236 3226 doe·

191 3317 200 3332 .
254 3250 1237 3365 trinaesanetissimae‚abanetnresanetissimo‚quidaemonia
1337 3329 1340 3333 ,

249 3371 406 3460 ejiciebat
430 3386 612 3466 errantque
629 3377 774 3466 quotidie
790 3375 919 3443 delebat
935 3374 1122 3462 imperium.

300 3477 339 3544 5⁰
355 3481 446 3552 Edita
475 3485 608 3552 inerunt
633 3486 665 3550 in
688 3483 907 3554 testimoniam
935 3482 1051 3548 divinae
1077 3479 1238 3550 missionis

157 3575 160 3580 ’
253 3573 399 3652 iittrisa:
464 3627 492 3638 --
896 3615 900 3622 ·

261 3745 264 3748 .
302 3690 466 3770 Christum
493 3697 647 3764 miraeuia
673 3696 814 3764 edidisse
839 3696 879 3761 ad
916 3693 1115 3782 probandam
1146 3709 1244 3758 suam.

252 3794 461 3881 missionem,
478 3803 544 3872 imo
563 3817 593 3870 et
616 3799 825 3902 divinitatem,
853 3798 1065 3887 sequentibus
1090 3803 1233 3860 constat:
