3025 4725
729 581 927 648 -560-

684 791 967 848 unanimitatis.

725 935 885 982 surrectus
911 937 933 979 t.

565 1063 607 1102 nc
620 1057 719 1101 ntur·
734 1060 762 1100 et
776 1055 905 1100 dirutum
919 1057 1095 1100 mundonis.

386 1186 460 1252 ttae
475 1203 534 1249 vox
551 1183 682 1248 traditio
699 1194 803 1270 potest
816 1183 917 1269 accipi
929 1181 961 1246 in
978 1181 1098 1270 duplici
1117 1204 1237 1249 sensu.

384 1291 464 1356 tare
473 1297 599 1376 sumpta
612 1287 759 1372 designat
769 1311 776 1352 ε
787 1289 1107 1354 communicationem
1119 1291 1267 1373 alicujus
1280 1313 1322 1356 oe·

339 1397 449 1462 sitatis
472 1405 529 1464 out
547 1394 757 1468 institutionis
772 1393 814 1458 ab
837 1413 901 1460 una
925 1395 1022 1460 atteri
1046 1396 1188 1478 faciam.
1208 1398 1249 1462 ln
1267 1399 1320 1462 boc

340 1501 694 1580 sustineneamus
713 1499 846 1565 traditio
857 1499 974 1586 pariter
983 1498 1133 1584 congruit
1143 1501 1319 1569 Traditioui

340 1609 470 1696 proprie
486 1608 593 1687 dictae,
611 1618 644 1672 et
659 1605 832 1694 Scripturas
846 1625 961 1684 sacree,
981 1625 1054 1691 quae
1070 1605 1139 1690 ipsa
1157 1619 1209 1672 est
1223 1619 1319 1674 trans-

341 1713 452 1780 missio
468 1714 623 1780 doetrinae
639 1712 756 1779 diriaae
769 1732 826 1800 per
842 1711 1032 1798 scripturam
1049 1711 1259 1798 inspiratam.

383 1818 497 1885 Stricti
511 1832 638 1906 sumpta
660 1818 826 1902 designat:
854 1817 1004 1882 notitiam
1027 1835 1183 1895 sacram,
1208 1841 1268 1886 seu
1283 1820 1317 1884 cd

341 1925 529 2010 religionem
545 1925 771 2012 pertinentem,
787 1923 1010 1988 transmissam
1024 1943 1085 2006 per
1095 1926 1244 1990 medium
1261 1927 1319 1992 ciis·

341 2031 474 2094 tinctum
497 2033 518 2094 a
545 2029 717 2111 Scriptura
739 2028 896 2093 divinitus
919 2028 1097 2112 inspirato.
1112 2067 1157 2078 -
1177 2031 1321 2100 Dicimus

340 2131 486 2222 medium
511 2132 697 2197 distinctum
723 2139 742 2196 b
766 2131 929 2222 Scriptura
955 2135 1109 2200 diuinitcis
1134 2137 1318 2222 inspiratam
1377 2201 1378 2216 ,

339 2257 404 2301 non
431 2250 540 2304 autem
563 2236 749 2312 distinctum
776 2237 817 2304 ab
842 2240 931 2305 omni
953 2239 1124 2327 scripturi.
1148 2243 1314 2330 Siquidem

337 2342 478 2422 traditio,
498 2342 601 2430 quetis
612 2345 828 2411 communiter
843 2333 1009 2433 accipitur.
1025 2368 1089 2412 non
1107 2361 1155 2415 est
1166 2371 1309 2413 necessa-

338 2449 388 2515 rio
404 2458 436 2515 ei
451 2451 539 2517 amni
555 2462 701 2537 tempore
716 2452 836 2528 arabim
853 2452 909 2516 sed
928 2452 1077 2537 primitiis
1094 2455 1153 2517 virt
1170 2470 1241 2514 roee
1256 2450 1295 2512 ab

339 2564 470 2623 auctore
483 2556 657 2645 proposita,
677 2576 713 2622 ac
726 2557 904 2622 suceessirb
917 2560 1056 2643 qucsidc
1067 2578 1138 2625 aure
1151 2556 1183 2621 iu
1193 2575 1304 2620 aurem

338 2663 379 2728 cd
397 2672 542 2751 posteros
554 2662 722 2749 perducta,
740 2662 880 2729 decursu
902 2665 1055 2750 temporis
1074 2666 1106 2730 in
1123 2682 1310 2730 monumen-

338 2769 514 2857 tisscriptis
537 2768 722 2853 consignata
743 2767 919 2855 aliquando
939 2776 1098 2834 servatur.
1115 2806 1159 2817 -—
1176 2768 1314 2833 Diversis
1375 2762 1376 2809 ἕ

338 2885 446 2964 autem
474 2875 590 2941 mediis
609 2874 870 2941 transmittuntur
901 2873 1088 2939 traditiones
1114 2894 1227 2940 sacrae.
1252 2873 1314 2941 Sub

337 2978 553 3059 legencium,
568 2981 635 3045 soba
646 2983 751 3048 medis
761 2980 1001 3065 cognitaerani:
1015 2976 1143 3046 traditio
1154 2981 1253 3047 orabis
1263 2982 1311 3062 (t),

338 3082 540 3146 caeremonias
564 3083 688 3164 cultris,
706 3087 814 3151 sorsbn
841 3088 989 3172 quaedam
1006 3100 1231 3152 monumenta.
1252 3085 1313 3153 Sub

335 3186 570 3271 legationum,
587 3189 699 3253 eadem
717 3200 808 3253 cram
822 3193 946 3271 media,
966 3194 1085 3279 quibus
1102 3192 1179 3258 addi
1191 3206 1315 3279 qtteunt

370 3430 404 3491 (i)
418 3432 470 3480 vor
485 3432 598 3481 traditio
612 3431 833 3489 indiscriminatim
848 3446 994 3504 usurpatur,
1008 3441 1062 3491 sive
1077 3440 1109 3491 ad
1124 3440 1311 3505 designandam

335 3509 416 3569 ipsam
429 3518 486 3557 rein
495 3509 637 3568 traditam,
649 3518 677 3560 ut
690 3513 715 3561 in
729 3513 778 3565 iliis
792 3517 932 3580 spostout
946 3520 978 3569 ad
992 3520 1107 3569 Thessal.
1119 3518 1145 3577 Ξ,
1157 3520 1198 3567 ta:
1210 3536 1221 3565 r
1233 3522 1316 3568 tenete

334 3585 553 3647 ti·aditiones...s;
563 3587 617 3639 sire
628 3589 659 3640 ad
671 3590 855 3658 designandum
864 3600 1038 3661 mediumquo
1048 3612 1091 3651 res
1100 3598 1218 3659 traditur,
1227 3602 1315 3647 trans-

333 3662 453 3725 mittitur,
470 3669 500 3714 ui
511 3665 537 3715 in
546 3666 605 3718 istis
618 3669 695 3721 Coae.
705 3673 781 3723 trid.
795 3674 922 3737 docentis,
935 3677 1006 3727 Sess-
1021 3678 1037 3727 t
1050 3678 1075 3727 iu
1090 3676 1188 3727 decret.
1203 3675 1237 3725 de
1250 3676 1314 3727 Can.

333 3743 426 3808 Scripi.
443 3757 573 3797 «omnem
585 3752 733 3804 secutarem
745 3756 887 3805 acritatem
904 3759 927 3805 et
941 3756 1117 3819 disciplinam
1131 3756 1268 3806 contineri
1282 3757 1312 3804 iu

332 3826 409 3875 tibris
424 3828 639 3889 remotissimae
655 3834 755 3893 scripto
769 3833 1009 3885 traditionibus...»
1027 3837 1097 3886 tunc
1112 3848 1203 3903 sensus¹
1219 3832 1311 3885 deter-

332 3902 467 3955 minandus
481 3910 520 3954 est
534 3915 566 3952 ex
580 3913 709 3957 contextu.
883 3920 886 3926 ·
1035 3916 1037 3921 “
