3025 4725
745 643 927 710 ..tt-
1034 671 1037 678 ’

343 783 394 848 tim
411 782 504 848 editae
521 783 553 848 in
570 783 706 866 gratiam
722 782 878 852 doetrioae
898 785 1171 858 contradictoriae.
1197 791 1277 872 llam,
1285 796 1307 860 ai

341 891 419 953 stant
450 888 627 976 prophetiae
640 888 675 954 in
694 887 831 972 gratiam
856 889 993 978 duplicis
1019 893 1180 964 doctrinae
1206 907 1312 968 contra·

342 993 499 1073 (lictoriae,
513 993 593 1058 ratio
606 993 748 1060 inclinat
773 995 814 1064 ad
831 993 1055 1064 affirmandam
1068 1001 1239 1072 veritatem
1252 1005 1317 1071 doe·
1390 1033 1391 1036 ¹

343 1099 435 1165 trinae
445 1099 477 1163 io
497 1097 591 1185 eujus
603 1098 738 1182 gratiam
752 1107 876 1166 exstant
892 1101 1070 1188 prophetiae
1082 1109 1319 1178 numerosiores

344 1219 376 1272 et
397 1204 646 1294 splendidiores,
671 1205 806 1293 proinde
826 1207 915 1274 Deus
937 1208 1105 1278 induceret
1123 1212 1273 1281 homines
1292 1215 1321 1280 io

344 1333 501 1392 errorem,
515 1312 543 1377 si
557 1312 753 1399 posteriores
770 1332 835 1378 non
852 1321 959 1382 essent
971 1315 1099 1388 diuinae.
1122 1373 1125 1378 ,

386 1417 421 1482 d.
435 1418 580 1506 Seposittl
596 1424 711 1506 quarta
720 1417 919 1499 conditione,
938 1421 1070 1501 scilieet,
1083 1425 1111 1489 si
1129 1447 1197 1494 non
1211 1435 1320 1494 constet

342 1525 385 1589 de
395 1523 549 1590 relatione
565 1524 745 1612 prophetiae
761 1543 836 1592 eum
860 1525 1025 1596 doctrina:
1045 1529 1222 1618 Prophetis
1248 1531 1318 1600 nihil

344 1629 473 1718 prohat.
492 1629 613 1700 Veritas
631 1630 717 1699 enim
734 1631 889 1700 doetrinae
901 1631 1076 1702 deducitur
1088 1654 1128 1704 ex
1148 1641 1318 1728 prophetie

343 1737 482 1826 proinde
493 1737 641 1806 diviuitas
650 1735 829 1826 prophetiae
841 1740 937 1806 debet
947 1746 1122 1829 esse'quasi
1136 1750 1317 1818 antecedent

344 1842 527 1928 argumenti
543 1863 581 1908 ex
596 1861 663 1928 qua
672 1843 877 1912 concluditur
893 1845 1316 1921 divin-iosdoeninae.t10rra
1390 1923 1391 1928 ,

346 1947 530 2031 legitimitas
562 1943 744 2030 argumenti
766 1954 917 2038 supponit
940 1956 1124 2023 necessario
1141 1960 1317 2028 relationem

347 2054 431 2116 inter
445 2053 640 2120 antecedens
656 2060 689 2118 et
710 2075 925 2144 consequens.
936 2061 1229 2133 -llelatioautem
1244 2066 1319 2130 inter

347 2155 549 2243 prophetiam
566 2166 598 2224 et
616 2158 814 2230 diuinitatem
839 2165 993 2233 doetrinae
1005 2182 1110 2256 potest
1125 2171 1250 2260 probari
1264 2189 1317 2258 per

349 2261 598 2332 declarationem
615 2266 793 2354 prophetae,
807 2273 1143 2357 pereireumstantias.

355 2430 360 2433 ,
393 2369 549 2437 Prohotio
564 2374 740 2451 ludireeta.
764 2377 910 2445 Possidet
926 2384 1102 2469 propositio
1117 2397 1215 2451 nostra
1228 2379 1307 2443 deri

341 2475 515 2563 probativa
529 2481 724 2569 prophetiae3
747 2502 825 2567 ergo
842 2484 1048 2555 admittenda
1071 2497 1132 2563 est,·
1157 2485 1214 2549 nisi
1234 2478 1299 2564 edua

340 2582 473 2664 falsitas
482 2585 685 2676 ualidissimis
697 2590 900 2657 rationibus
891 2604 1103 2679 impugnetur.
1120 2587 1297 2659 Portarum

341 2691 422 2759 lidae
437 2705 513 2760 sant
534 2695 792 2764 adversariorum
810 2678 1032 2787 objectiones,
1054 2707 1089 2767 ut
1111 2715 1148 2767 ex
1162 2694 1237 2764 inira
1261 2686 1304 2817 dl·

222 2847 225 2856 .
287 2848 291 2851 .
345 2798 458 2864 eendts
470 2801 640 2871 constabit
1211 2829 1213 2835 ’
1274 2826 1277 2829 ’

392 2903 567 2990 Sequentia
589 2905 746 2991 objiciant
761 2908 951 2977 aduersarii:
968 2909 1060 2998 'Apud
1078 2852 1310 2997 genrtterndta

245 3075 247 3082 Ι
345 3005 430 3068 edita
447 3008 691 3087 sontvatieinia‚
707 3011 889 3097 specialiter
905 3016 1101 3103 Sibyllarum
1120 3018 1309 3087 carminare

220 3111 224 3113 ’
329 3106 516 3201 leberrima
540 3130 607 3178 non
623 3112 740 3183 solum
762 3121 850 3206 apud
866 3142 1031 3216 paganos,
1051 3126 1223 3193 sedetiam
1235 3114 1312 3208 apud

343 3212 452 3294 Patres
467 3214 629 3287 Eeelesiae.
648 3220 746 3291 Porro
760 3238 873 3293 tamen
878 3248 915 3294 ax
925 3229 974 3296 hia
986 3230 1163 3319 prophetiis
1177 3219 1314 3300 concludi

314 3329 408 3386 'non
433 3328 538 3409 potest
566 3324 755 3412 religionem
787 3352 989 3420 paganorum
1024 3335 1124 3403 luisse
1161 3336 1314 3405 divinant

222 3489 224 3492 .
254 3503 256 3510 ¹
344 3427 480 3507 proinde
493 3431 668 3519 prophetia
678 3452 856 3527 nonpotest
868 3438 1316 3549 prebaredirinitatemaliett

333 3530 668 3617 mmmm.-j

255 3642 262 3647 ’
383 3635 481 3725 desp
499 3644 546 3710 Ex
558 3668 597 3723 eo
610 3649 897 3737 quodprophetiee
918 3656 1099 3725 infidelium
1120 3677 1184 3723 non
1202 3652 1319 3722 vatam

192 3829 195 3833 ⁴
253 3775 255 3779 Δ
337 3744 1318 3849 probaredivinitatemPaganismi,nihillnddssequitureon·

256 3864 260 3869 ’
337 3853 539 3923 tranostram
564 3859 989 3947 propositionemltotton
1006 3870 1094 3937 enim
1112 3867 1319 3955 otterifpotest

332 3960 422 4045 apud
449 3979 593 4047 paganos
613 3964 814 4035 ‘vaticinium
828 3975 976 4041 uestitum
994 3976 1149 4043 omnibus
1166 3968 1318 4048 conditio·
