3025 4725
623 521 753 587 a-ea
779 562 820 571 -

223 661 377 777 praedicta
391 666 535 755 prodigia
541 653 1083 754 pollereomnibusconditionibus
1094 657 1203 756 requi-

224 779 307 856 sitis,
309 767 361 842 id
383 790 442 853 est,
456 795 500 839 ex
518 780 581 839 und
599 787 708 859 parte,
727 794 797 839 esse
814 774 984 841 historice
991 790 1090 857 certo,
1117 786 1206 853 certo

224 882 432 962 miraculosa,
451 894 482 946 et
494 900 531 946 ex
549 881 648 946 attere
665 892 766 966 parte,
784 875 885 945 luisse
911 859 1023 945 edita
1014 902 1047 945 1n
1062 880 1206 946 testimo-

224 992 318 1056 nium
349 986 513 1080 religionis
538 986 807 1051 Οὴτίεῑίαηεθμ-
834 986 957 1051 llorum
974 987 1204 1072 expositionem

82 1124 92 1188 g
196 1177 198 1182 .
225 1094 418 1172 omittimuS,
432 1093 475 1157 ob
488 1074 637 1158 eamdem
654 1061 811 1157 rationem
824 1112 935 1179 quam
941 1093 1208 1185 superidsattuli-

225 1221 313 1281 mus,
329 1198 435 1272 ubido
447 1199 641 1284 Prophetit‘e
646 1206 721 1283 post
731 1199 877 1283 temporo
895 1198 1015 1264 curisti
1030 1197 1136 1265 editio
1186 1212 1190 1217 ⁴

216 1420 224 1439 -.
273 1376 486 1462 Argumentis
497 1375 668 1469 hueusque
690 1372 843 1440 adhibitis
852 1396 975 1442 novum
991 1373 1204 1455 adnectimus,

226 1486 316 1573 quod
333 1483 525 1551 deducimus
537 1502 579 1555 ex
590 1480 674 1545 laeto
690 1487 709 1545 a
726 1481 839 1546 decem
857 1490 888 1547 et
903 1494 975 1549 octo
989 1485 1118 1550 saeculis
1129 1506 1206 1572 por-

217 1602 433 1658 severauteet
443 1591 476 1654 in
488 1610 553 1675 quo
569 1586 664 1653 simul
683 1602 838 1673 apparent
854 1592 1115 1675 supernaturales
1131 1608 1206 1677 pro‘·

226 1698 358 1787 phetiae·
371 1708 399 1761 et
409 1694 564 1763 'miracoli
575 1694 794 1763 characteres:
809 1692 1011 1780 ¹intendimus
1029 1715 1139 1781 agere.

400 1922 404 1925 ,
440 1852 442 1857 ’
495 1870 534 1919 De
548 1838 627 1919 Statu
633 1869 761 1931 presenti
774 1868 940 1937 Judeorum
1037 1911 1040 1915 .
1069 1835 1072 1840 ‚

273 2018 348 2081 Post
360 2012 563 2085 eversionem
577 2012 665 2076 urbis
678 2005 1209 2098 Hierosolymitanaeeteliseunle
1270 2068 1273 2073 .
1293 2043 1296 2049 ·
1408 2033 1412 2044 ⁸

226 2122 341 2191 saltem
361 2120 505 2187 secundo
528 2112 648 2189 saeculo
665 2118 771 2182 aetatis·
789 2117 979 2185 Christianae
995 2166 1003 2197 ,
1019 2119 1138 2198 ludaei,
1153 2140 1208 2205 pe·

227 2230 288 2295 trio
301 2228 372 2295 solo
390 2239 544 2303 extorres,
556 2224 630 2289 'sine
641 2225 718 2289 sede
733 2224 808 2301 fixe,
823 2216 987 2289 sinedoce
1000 2223 1205 2311 aoprinoipe,

215 2343 407 2424 ,per-totum
425 2347 583 2398 terrarum
597 2330 714 2396 orbem·
723 2328 860 2416 dispersi
870 2329 1063 2394 subsistunt.
1084 2331 1207 2413 Quam-

226 2443 274 2507 uis
300 2454 346 2506 tot
363 2439 466 2526 apud
492 2437 630 2524 populos
649 2436 827 2512 moribus,
843 2433 992 2498 institutis
1016 2435 1209 2520 legibusque
1297 2512 1299 2517 Ι

231 2547 313 2610 inter
337 2568 373 2612 se
402 2545 498 2628 longe
521 2544 664 2610 diversos
689 2536 801 2606 'dillusi
824 2539 1079 2616 conlaudantur3
1099 2558 1209 2624 quam·
1237 2609 1239 2615 ,

236 2649 284 2710 uis
306 2639 462 2717 infelicem
494 2651 683 2737 protrahant
713 2647 833 2726 uitam,
845 2646 895 2710 -in
931 2643 1141 2735 opprobriam
1176 2660 1208 2710 et

238 2755 440 2838 prouerbium
454 2757 532 2822 loeti
544 2754 666 2822 cunctis
688 2753 855 2840 gentibus3
873 2751 1100 2830 nihilominus,
1111 2757 1209 2817 licae-

238 2857 317 2924 teris
342 2862 483 2942 gentibus
509 2863 598 2927 omni
626 2869 773 2947 tempore
799 2859 930 2924 luerunt
945 2859 1105 2938 distincti,
1124 2876 1211 2927 nuno

232 2963 332 3028 etiam
352 2963 805 3052 dignoscuntur-sequentibus
822 2964 1103 3052 praeeipuonotis:
1117 2967 1210 3053 perti·

229 3071 323 3138 nocie
340 3060 536 3161 scilicetqua
564 3074 710 3142 llessiam'
731 3068 902 3138 venturum
919 3077 1120 3158 exspectent,
1138 3072 1213 3137 reli*
1263 3075 1267 3081 “
1365 3049 1368 3052 ⁴

209 3206 213 3218 »
227 3178 319 3262 glosa
328 3183 538 3246 'veneratione
555 3186 618 3268 qua
635 3181 672 3250 V.
697 3170 891 3245 Testamenti
905 3175 1121 3264 ao‘praecip'ue
1137 3197 1213 3262 pro-

225 3285 411 3370 phetarum-
428 3287 531 3352 libros
562 3299 689 3354 servant
719 3306 755 3351 ao
781 3294 928 3363 tuentur,
948 3283 1025 3359 odio
1048 3301 1121 3368 quo·
1137 3300 1213 3370 pro-

205 3415 216 3424 ’
229 3405 413 3476 sequuntur
426 3393 616 3477 religionem
627 3393 857 3469 Christianam,
873 3392 1050 3458 arctissima
1067 3404 1215 3457 constan·

229 3497 275 3560 tia
290 3504 354 3582 que
371 3509 444 3584 post
461 3498 626 3584 legissuae
644 3499 803 3564 excidium
816 3498 1211 3582 luriolegiadhaeresount.

204 3625 209 3630 ’
277 3603 378 3668 Por-ro
391 3603 432 3668 de
456 3603 514 3670 illo
531 3592 726 3678 ludaeorum
738 3619 821 3670 statu
838 3605 883 3670 sic
899 3603 1081 3671 ratiocinari
1099 3604 1188 3668 licet:

278 3708 313 3770 l⁰
330 3708 532 3778 lloclaotum
543 3711 678 3777 includit
690 3711 812 3797 aliquid
824 3713 1087 3798 supernaturale:
1105 3710 1214 3794 Siqui-

224 3815 305 3880 dem
325 3816 355 3878 l.
374 3815 410 3880 in
427 3837 465 3882 eo
490 3817 659 3888 manifeste
689 3831 843 3910 apparent
869 3819 1041 3904 adimpleta
1070 3814 1210 3904 prophe-

502 3951 504 3956 ·
951 3938 957 3944 ’
1039 3934 1079 3995 l3

960 4009 976 4036 ἱ

936 4076 942 4112 l
