3025 4725
196 681 207 701 ⁸
299 687 1266 720 πεα-τ-*ᾝτ-νε-ΞΜ

583 829 772 911 QUAES'l'lO
791 822 987 898 SECUNDA.

300 1013 395 1052 vrnurr
407 1012 488 1052 atrro
502 995 740 1066 (motintlt'oititto,
755 997 814 1051 tice
829 995 983 1068 collectiva)
997 1011 1103 1052 cumr
1116 1015 1285 1072 runc-rionis

512 1106 540 1144 m
558 1105 708 1144 rueoroou
721 1127 729 1154 ,
751 1104 786 1142 ur
804 1105 930 1168 pulsnm
943 1092 1066 1148 mutu?

346 1253 396 1319 De
412 1250 590 1340 quaestione
609 1249 771 1336 pr'aesenti,
790 1251 940 1335 quasdam
956 1262 1030 1318 sunt
1061 1265 1164 1334 certa,
1188 1257 1286 1340 'qute-

303 1361 609 1423 tlamcontroversa.
719 1363 722 1370 '

349 1461 459 1529 Ccnrt.

350 1569 386 1634 l⁰
403 1554 535 1634 Certum
557 1578 618 1646 est,
639 1573 671 1632 et
690 1563 731 1632 ab
749 1563 900 1632 omnibus
922 1563 1099 1632 admissum
1125 1563 1291 1634 rationem

304 1673 500 1740 collectivam
522 1673 649 1758 gerreris
671 1669 806 1737 humani
833 1670 942 1736 testari
959 1671 999 1736 do
1016 1671 1197 1738 'existentia
1215 1664 1303 1738 telic'

302 1781 420 1864 gionls.
434 1815 480 1828 --
495 1780 572 1845 ltem
589 1785 712 1844 certum
729 1784 777 1841 est
793 1777 949 1842 rationem
963 1776 1166 1842 individuam
1194 1793 1288 1865 posse

303 1892 392 1950 certo
408 1899 602 1968 cognoscere
626 1879 688 1945 hoc
711 1881 932 1946 testimonium
957 1901 1014 1968 per
1037 1895 1197 1948 sensuum
1213 1901 1284 1968 pcr-

304 1989 484 2074 ceptionem
497 1999 528 2050 et
540 1980 697 2049 rationem
718 1983 912 2050 inductivum
929 2005 939 2062 3
958 2004 1051 2072 posse
1065 1987 1283 2072 coguitionem

289 2075 537 2176 'religionissibi
554 2085 752 2156 identificare
765 2109 822 2175 per
838 2089 1079 2169 conscientiam,
1094 2105 1281 2157 conservare

224 2234 229 2241 ·
303 2215 363 2282 per
377 2194 580 2259 memoriam.
599 2194 641 2258 Ex
654 2199 718 2259 uni
731 2194 817 2258 enim
829 2206 930 2282 parte,
950 2195 1112 2282 perceptio
1129 2201 1285 2264 sensuum‘

305 2299 385 2364 ratio
415 2295 589 2379 inductiva,
607 2298 801 2366 conscicntia
835 2310 866 2367 et
889 2297 1044 2367 memoria
1064 2297 1184 2370 hebent
1200 2297 1274 2365 velo·

304 2420 375 2466 rem
396 2397 591 2486 objectivum
602 2424 610 2479 3
630 2422 668 2467 er
692 2401 792 2467 elterh
815 2413 921 2489 parte,
941 2394 1105 2469 facultates
1119 2400 1269 2489 praeliete

305 2502 457 2596 applicari
479 2514 614 2593 possunt
623 2502 808 2570 veritatibus
826 2502 1027 2591 theologicis,
1056 2504 1132 2571 sicot
1147 2512 1175 2564 ct
1198 2492 1262 2560 aliis

304 2609 506 2690 veritatibus,
523 2624 559 2676 ut
573 2610 704 2677 evidens
719 2623 777 2677 est.
1260 2616 1264 2627 '

347 2716 387 2781 2⁰
403 2716 534 2785 Certum
550 2728 598 2787 est
614 2703 671 2783 has
688 2714 868 2782 functiones
885 2714 1017 2781 rationis
1044 2734 1114 2782 esse
1132 2725 1272 2778 necessa*-

303 2813 366 2887 rins
382 2822 524 2889 scientiae
534 2821 736 2906 theologicae.
748 2820 897 2907 Alioquin
917 2819 1084 2886 individuo
1094 2825 1181 2885 certo
1192 2830 1273 2882 cone

303 2932 371 2992 tare
385 2948 451 2991 non
473 2933 582 3011 posset
605 2926 647 2989 de
673 2924 859 2991 veritatibus
888 2910 1105 3007 theologicis,
1127 2936 1164 2989 ut
1184 2918 1272 3005 sopri

305 3026 525 3109 exposuimus,
544 3026 712 3111 probando
724 3022 948 3094 certitudinem
965 3028 1139 3093 testimonii
1155 3018 1274 3092 rationis

306 3127 479 3194 collectivae
495 3128 637 3215 pendere
653 3132 670 3192 h
693 3128 800 3195 valore
815 3130 973 3217 objectivo
1001 3131 1189 3197 facultatum
1206 3122 1276 3197 indi·

306 3232 495 3301 vidualium.
1117 3256 1119 3261 ·
1188 3256 1193 3263 ⁴

352 3339 579 3408 Conrnovenst.

351 3444 603 3517 controvertitur
618 3454 725 3511 autem
744 3448 780 3513 l⁰
797 3452 906 3515 utrium
931 3446 1012 3514 ratio
1035 3444 1208 3524 invenerit,
1229 3449 1280 3508 aut

306 3544 406 3633 possit
424 3546 567 3611 invenire
583 3546 745 3635 objectum
767 3552 961 3635 theologice,
991 3552 1023 3616 id
1044 3564 1103 3630 cst,
1134 3550 1280 3617 veritates

271 3720 276 3723 ,
306 3649 484 3733 religiosas,
502 3672 559 3717 seu
576 3655 724 3739 dogmata
741 3669 773 3721 et
787 3656 934 3723 veritates
947 3655 1104 3733 morales3
1119 3654 1158 3719 hv
1175 3652 1280 3719 utrium

307 3755 339 3818 in
356 3754 525 3839 hypothesi
541 3760 698 3843 negativa,
716 3760 817 3847 possit
832 3759 970 3847 probare
993 3760 1141 3825 veritates
1155 3756 1281 3839 religio·

306 3880 356 3923 sas
382 3859 534 3928 revelatas
560 3884 616 3949 per
635 3865 789 3951 principia
815 3864 875 3931 sibi
901 3866 1043 3952 proprio,
1062 3877 1092 3931 et
1125 3876 1280 3948 quasnam

309 3962 465 4029 veritates.

142 4149 306 4348 nh
