3025 4725
621 506 666 519 -
691 460 823 534 'teu-a

229 610 302 686 ime
325 616 508 706 probabilis·
529 628 591 685 est:
619 617 720 689 sacto·
739 620 828 686 enim
850 630 977 687 constat
997 634 1136 691 eventus
1158 645 1216 714 per

230 724 438 792 'traditionem
455 722 578 789 orclem
593 725 798 792 transmissos
810 743 941 813 semper
950 725 1154 815 amplificari,
1168 731 1216 799 in⁶

226 830 444 915 numerisque
474 826 723 909 circumstantiis
760 831 895 898 omnim
923 829 1010 899 falsis
1043 843 1216 903 morantes

227 931 421 1001 adulterari.

266 1038 313 1104 ,2⁰
327 1036 499 1124 Mythicnm
514 1055 586 1103 ess-e
599 1036 792 1105 vitam‘lesu
814 1052 880 1104 non
900 1036 1009 1107 solum
1028 1035 1211 1128 probabile,

227 1143 401 1211 sedetiam
418 1148 543 1207 certum
571 1150 632 1208 ests
648 1142 827 1230 Siquidem,
840 1144 877 1209 l.
908 1142 1031 1211 Omnes
1043 1139 1216 1231 religiones

227 1248 378 1337 mythieis
392 1246 585 1315 unionibus
609 1248 819 1327 nitunturpi.
835 1248 999 1336 Apparent
1020 1250 1054 1317 in
1076 1252 1214 1321 historia

227 1353 414 1439 euangelica
424 1370 537 1417 omnes
551 1350 758 1419 characteres
772 1353 967 1420 narrationis
995 1354 1158 1441 mythicae.
1178 1356 1214 1421 ln

220 1462 300 1547 ipsa
315 1457 416 1537 enim,
437 1456 726 1545 sicutinmythicis
750 1458 957 1538 commentis,
982 1460 1163 1546 saepissime
1184 1473 1216 1528 et

229 1561 357 1647 absque
392 1559 517 1627 ratione
548 1567 722 1626 occurrunt
749 1563 1127 1648 portentaetmiraeula3
1144 1583 1212 1631 nun

232 1673 309 1733 raro
326 1664 617 1752 deprehenduntur
638 1665 924 1733 contradictionem
941 1668 1062 1735 lleroes
1083 1667 1216 1755 mptbiei

233 1771 370 1859 grandia
398 1782 430 1837 et
468 1770 650 1838 inordinate
673 1768 877 1857 loquentum
905 1774 951 1839 ith
977 1774 1010 1839 in
1045 1772 1216 1858 Evangelio

235 1896 405 1946 sermones
422 1896 504 1962 quos
519 1874 673 1944 habuisse
689 1889 867 1947 censentur
887 1878 1039 1965 quendam
1066 1898 1215 1966 persono

235 1983 470 2051 exuberantem
485 1981 629 2078 produnt
640 1980 739 2047 animi
763 1982 936 2051 elationem
949 1983 992 2049 ab
1007 1984 1151 2072 ipserum
1166 1983 1217 2051 in-

236 2089 311 2155 dale
320 2100 354 2154 et
368 2098 454 2155 stetu
467 2086 864 2174 prorsus·elienam‚u·.·g.
879 2090 1051 2188 Zacharias
1069 2090 1102 2157 in
1127 2100 1213 2157 cant.
1305 2152 1311 2157 .

232 2195 441 2271 Benedictm,
460 2192 558 2260 llario
574 2192 607 2259 in
634 2199 719 2261 canc
737 2192 940 2282 Mcpnificatr
967 2195 1102 2281 Mythica
1127 2209 1216 2261 com-
1315 2282 1320 2292 x

231 2312 343 2374 menta
355 2312 522 2386 expresses
538 2296 690 2366 exhibent
706 2299 876 2386 opiniones
888 2319 963 2387 quse
974 2299 1060 2386 apud
1071 2298 1210 2388 populos

230 2406 449 2492 culpabantur
463 2415 557 2472 cetete
567 2410 631 2490 quh
642 2403 719 2471 licta
729 2405 882 2482 luerunt;
896 2405 938 2470 ita
949 2415 981 2469 et
997 2402 1214 2487 Evangellum

230 2511 264 2575 in
278 2533 341 2596 quo
356 2531 388 2578 vr
407 2529 441 2595 g.
456 2507 642 2595 frequenter.
654 2511 837 2576 mentioest
847 2507 1004 2576 daunais
1017 2506 1100 2574 etde
1112 2508 1213 2573 smni-

239 2612 300 2678 bus
311 2617 349 2680 acl
365 2635 536 2704 personam
553 2622 585 2682 et
606 2613 829 2683 actusllessiae
845 2611 1077 2701 spectantibus.

285 2716 322 2780 5ο
337 2720 505 2788 Sermones
517 2739 612 2807 quos,
636 2741 674 2788 ex
696 2718 880 2804 Evangelio,
893 2714 1038 2785 Christus
1058 2715 1214 2785 habuisse

235 2822 387 2903 traditur,
403 2827 441 2893 ab
458 2826 530 2914 ipso
544 2825 782 2912 reveri—prolati
806 2846 872 2890 noa
897 2825 1042 2890 luerunt.
1060 2822 1215 2891 Prolixio·

231 2949 288 2998 res
297 2930 382 2996 enim
393 2945 469 3000 sunt
480 2941 516 2999 ut
530 2932 672 3021 Apostoli
683 2931 947 3016 omniamagistri
956 2932 1053 2998 rerba
1062 2931 1212 3020 excipere

227 3055 267 3104 ee
291 3037 431 3104 retinere
461 3039 637 3126 potuerint.
664 3035 804 3104 Aliunde
826 3039 940 3105 eadem
962 3034 1217 3124 deprehenditur

228 3138 359 3207 dicendi
376 3139 480 3209 forma
496 3144 573 3210 etin
586 3144 793 3210 sermonibus
810 3142 927 3208 Christi
943 3145 961 3207 h
984 3142 1110 3206 Joenne
1131 3139 1215 3206 rele-

225 3244 276 3320 tis,
294 3257 326 3310 et
341 3245 375 3310 in
389 3246 531 3333 epistolis
557 3248 635 3313 huic
652 3247 804 3336 hpostelo
828 3245 1016 3333 adscriptls3
1033 3243 1120 3311 unde
1146 3244 1214 3311 evi*

225 3349 341 3416 denter
358 3364 487 3419 constat·
501 3353 561 3419 bos
577 3370 745 3420 sermones
761 3353 917 3419 hloenne
932 3351 1033 3419 luisse
1044 3350 1215 3439 posteriori

225 3465 374 3542 tempore
391 3472 549 3540 exaratos,
568 3459 645 3548 ipsis
662 3460 799 3547 preinde
817 3457 927 3524 nullus
955 3458 1091 3524 concedi
1113 3462 1217 3546 potest

225 3557 318 3623 valor
332 3557 523 3630 historicus
648 3585 652 3590 ·
721 3635 723 3642 ,

272 3719 373 3785 Porro
393 3722 429 3786 l⁰
443 3721 588 3810 Systema
601 3725 642 3818 D
659 3724 786 3791 Stranss
802 3718 918 3789 salsum
933 3719 980 3786 est
996 3719 1029 3786 in
1046 3734 1092 3796 set
1112 3716 1214 3786 nat

225 3820 272 3885 sis
288 3824 469 3895 rationibus
485 3827 609 3896 nititur.

1293 4048 1422 4228 Β
