3025 4725
620 496 820 563 „187-

226 650 565 739 rales,eupi‹litalibus
574 668 611 717 aa
621 650 769 719 sensibus
777 649 1070 718 humanisomniuo
1080 670 1199 740 repug-

227 770 356 825 nantes
375 757 450 823 llaec
474 766 582 821 autern
598 756 705 824 omnia
718 756 851 822 minime
869 756 1021 843 explicari
1029 766 1166 843 queunt,
1175 760 1204 825 si

223 864 356 931 codices
371 862 453 929 sacri
469 861 686 947 quorumdam
702 862 915 950 impostorum
931 861 1045 930 iraude
1060 863 1206 933 substan·

223 969 344 1037 tiallter
360 967 529 1035 adulterati
545 965 676 1033 suerint.

441 1162 567 1247 affantur!
579 1197 610 1239 tr·
622 1195 788 1241 maurenti
800 1197 995 1246 marves-ocos

276 1364 410 1431 Obsero.
429 1364 487 1429 illc
503 1384 568 1429 non
592 1364 717 1448 agimus
734 1363 777 1431 de
791 1364 922 1431 veritate
937 1365 1128 1449 doctrinali,
1144 1368 1205 1439 sed
1329 1368 1332 1375 ’

219 1474 351 1551 tanturn
367 1468 409 1535 de
423 1468 594 1551 veracitate
603 1468 767 1538 historica.
1087 1535 1090 1539 Α
1186 1519 1189 1523 .
1263 1558 1266 1561 ἦ

270 1575 347 1643 llaec
359 1586 405 1641 est
418 1592 495 1657 crgo
505 1566 679 1661 propositio
696 1572 876 1661 probanda,
906 1573 1044 1642 scilieet:
1060 1576 1206 1644 inlibris

228 1682 272 1765 lv.
294 1681 486 1747 Testamenti
493 1681 677 1765 reseruntur
696 1681 788 1765 socco
802 1680 942 1765 qualiter
956 1681 1199 1763 rehabuerunt,

221 1788 399 1875 reponitur
429 1786 581 1853 doctrino
603 1786 743 1872 qualiter·
768 1786 791 1851 (l
817 1786 958 1854 Domino
977 1798 1015 1856 at
1041 1785 1206 1876 Apostolir

219 1891 404 1981 praedicatu
419 1891 494 1977 fuit.
528 1948 529 1951 ,
801 1961 804 1963 ,
1095 1963 1099 1970 s

267 1998 372 2065 Proh.
384 1996 413 2063 I.
431 1996 483 2064 Ea
500 1996 630 2061 Tastina.
647 1993 887 2066 -hllirmatur
899 1999 1053 2068 veracitas
1068 1998 1107 2067 ll.
1124 1995 1203 2068 Tes-

222 2102 358 2171 tamenti
373 2122 448 2177 cum
467 2100 667 2167 convictione
682 2099 840 2186 legitima.-

268 2208 304 2275 l·
316 2229 354 2295 p.
375 2204 559 2287 Affirmatur
572 2206 751 2273 veracitas:

265 2314 314 2382 Ab
336 2311 415 2400 ipsis
430 2308 615 2377 auctoribus
627 2309 800 2381 librorum.
823 2312 891 2380 lloa
903 2311 1035 2379 evidens
1047 2325 1108 2379 est.

252 2420 314 2506 ,Ab
333 2418 485 2488 omnibus
499 2416 682 2484 Catholicis.
696 2418 823 2485 Habent
834 2416 921 2484 enim
940 2417 1041 2483 libros
1067 2417 1110 2502 N„
1123 2416 1203 2483 Tes-

227 2525 356 2592 tamenti
366 2522 561 2591 utrliviuitirs
577 2522 762 2612 inspiratos,
776 2544 813 2593 ao
839 2522 976 2611 proinde
995 2527 1134 2589 summe
1148 2541 1203 2592 ve·

234 2645 331 2694 races.

275 2729 321 2797 hb
335 2733 506 2801 llaereticls.
524 2733 668 2817 Quidam
685 2733 929 2818 redarguerunt
941 2729 1093 2820 equidem
1101 2729 1200 2820 Apos-

228 2830 314 2898 tulos
329 2839 429 2920 utputo
445 2849 650 2924 corruptores
667 2836 823 2910 doetrinae
839 2835 967 2916 Christi,
981 2835 1022 2903 de
1037 2834 1128 2902 lactis
1141 2855 1200 2902 au·

222 2951 293 3006 tem
314 2951 346 3004 et
370 2943 585 3028 speciatlmde
598 2943 762 3010 miraculis
785 2964 850 3009 non
866 2941 1199 3011 moveruntdubium.

220 3044 406 3114 Haercsihus
436 3049 569 3135 insuper
599 3047 798 3134 quibusdam
836 3069 933 3116 suum
969 3048 1030 3114 luit
1059 3048 1202 3133 Evangc-
1288 3049 1291 3054 ’

217 3149 300 3216 liuru
313 3153 501 3239 proprium,„
516 3160 546 3220 et
559 3153 591 3219 in
610 3153 661 3232 his
678 3136 855 3240 Evangeliis
878 3152 1129 3232 admittebantur
1135 3153 1206 3240 ple·
1281 3211 1285 3220 .
1327 3192 1329 3201 ·

215 3273 321 3342 raque
344 3255 425 3324 laeta
443 3257 602 3342 Evangelii
615 3259 727 3325 nostri.

261 3358 437 3428 hJudaeis.
455 3362 490 3427 1⁰
518 3363 550 3428 Si
566 3362 946 3430 lacturnresurrectlouis
967 3361 1201 3451 apparitiones·

215 3484 283 3550 que
310 3465 428 3533 Christi
463 3469 595 3536 redivivi
618 3469 781 3556 excipias,
800 3489 866 3537 non
890 3469 1047 3557 probatur
1067 3469 1199 3541 Judaeos
1308 3528 1311 3534 ,
1374 3533 1378 3540 .

210 3575 331 3637 caetera
347 3572 385 3638 ll.
409 3573 606 3641 Testamenti
622 3573 703 3641 lacta
729 3582 764 3638 ut
779 3573 857 3640 falsa
873 3570 1133 3660 rejecisse-³⁰
1150 3573 1199 3640 De

210 3673 380 3760 miraculis
396 3677 429 3761 in
440 3680 559 3767 speeie,
575 3685 666 3746 'certo
683 3679 948 3746 constutJudaeos
961 3679 1014 3746 illa
1032 3678 1199 3764 agnovisse

209 3776 329 3846 saltem
347 3791 381 3846 ut
391 3785 537 3870 prodigia
551 3806 690 3875 quorum
701 3771 841 3855 divinarn
852 3786 1008 3870 originem
1023 3782 1195 3868 negabant.
