3025 4725
683 607 865 674 ,η-

289 749 383 818 Facta
399 748 487 816 caim
502 745 671 816 obsecrata
688 759 876 836 santpaaca
889 747 1151 834 etcoatingeatia
1173 754 1286 840 3prio·

289 856 373 943 cipis
387 866 584 926 auoemsoot
602 852 766 938 generalia
779 865 811 918 ct
827 851 1022 921 necessaria.
1047 855 1150 922 Porro
1171 862 1195 922 a
1214 880 1289 946 par-

290 959 415 1028 ticulari
431 973 464 1026 et
474 959 673 1045 contingenti
698 957 740 1025 ad
755 957 907 1042 gencrale
924 970 955 1024 et
974 960 1208 1032 necessarium
1227 985 1305 1044 noa¹

291 1065 375 1134 valet
383 1065 563 1140 conclusio.

338 1227 593 1295 Controvertitur
622 1235 729 1293 autern
747 1228 856 1296 utrdm
884 1225 965 1294 ratio
988 1227 1105 1294 virtute
1129 1231 1298 1320 proprie,

292 1348 324 1402 ot
336 1334 426 1401 omni
441 1332 581 1423 seposita
597 1331 803 1412 educatione,
820 1329 923 1400 valeat
939 1331 1087 1400 veritates
1105 1335 1298 1421 primarias

291 1460 482 1528 suggerere.

336 1555 386 1620 De
402 1554 463 1621 hae
485 1551 665 1642 quaestione
688 1547 853 1638 disputant
866 1550 950 1617 inter
970 1572 1005 1620 se
1027 1551 1299 1642 philosophi.-

293 1658 406 1728 Plures
416 1655 590 1738 affirmant,
609 1656 684 1748 qaia
696 1654 812 1721 rationi
831 1655 914 1720 inest
930 1653 979 1721 vis
998 1657 1149 1744 quedam
1170 1660 1297 1727 evolu-

293 1763 389 1831 tionis
406 1775 604 1852 spontaneae.
620 1759 765 1826 —llulti
787 1767 864 1826 vero
880 1772 1000 1845 negant
1015 1762 1061 1828 vis
1079 1758 1182 1851 hujus
1201 1765 1293 1833 exis-

294 1868 449 1945 tentiam
466 1865 704 1952 affirmentque,
725 1878 756 1931 et
785 1887 846 1932 nos
861 1887 935 1932 curn
949 1866 1025 1954 ipsis
1052 1857 1288 1951 affirmamus,

294 1971 426 2038 rationis
449 1970 667 2050 evolutionem
689 1971 833 2058 pendere
862 1971 1077 2040 essentialiter
1099 1975 1140 2042 ab
1157 1979 1290 2044 educa·

294 2077 396 2154 tione,
408 2082 439 2141 et
452 2075 596 2141 ultimoia
613 2075 868 2144 revelatioaetcl
884 2081 902 2144 i
916 2077 1023 2144 medio
1041 2083 1288 2178 supernaturali

294 2180 521 2267 aequiralerrti3
541 2181 627 2248 undo
655 2182 738 2248 ratio
751 2203 817 2248 non
834 2195 941 2270 potest
954 2205 1014 2298 per
1029 2197 1064 2251 s'e
1083 2197 1116 2252 et
1139 2184 1283 2275 seposita

294 2286 487 2354 educatione
508 2287 674 2356 veritates
675 2288 843 2378 primarias
861 2309 1051 2377 suggerere.
1176 2303 1178 2310 “

338 2403 366 2468 Ι·
392 2404 474 2491 Ppo
501 2403 647 2471 Rationis
674 2404 812 2469 evolutio
838 2405 958 2491 pendet
989 2407 1195 2472 essentialiter
1227 2403 1272 2467 ab

294 2510 503 2605 educatione:
630 2518 635 2525 '

339 2628 622 2697 rraemttteadum:
640 2626 732 2695 ilatio
744 2626 886 2693 hominis
895 2638 943 2693 est
959 2624 1100 2717 primin'n
1110 2624 1141 2691 in
1159 2634 1264 2713 poten·

292 2736 356 2822 tia3
374 2736 477 2817 idest,
489 2736 588 2805 homo
605 2737 749 2825 nascitur
759 2755 834 2802 cum
847 2730 999 2801 facultate
1012 2731 1144 2800 rediculi
1157 2744 1188 2799 et
1196 2742 1272 2797 non=

293 2842 372 2913 dam
386 2844 513 2935 evoluta
531 2842 752 2930 abstrahendi,
773 2853 805 2906 et
814 2862 874 2929 per
889 2839 1138 2907 abstractionem
1169 2856 1275 2907 assur·

293 2944 390 3027 gendi
407 2946 447 3010 ad
456 2965 630 3029 corporum
648 2961 766 3027 genera
783 2946 959 3031 etspecies,
974 2944 1173 3035 percipiendi
1191 2940 1277 3011 entia

293 3044 484 3134 spiritualia,
499 3044 688 3132 judicandi,
712 3050 943 3131 ratiocinandi,
961 3052 1196 3130 coordinandi3
1212 3068 1278 3115 uno

293 3149 405 3230 verbo,
432 3149 631 3239 percipiendi
666 3167 699 3221 et
734 3150 917 3223 affirmandi
948 3156 1122 3225 relationes
1151 3176 1275 3223 rerum.

201 3341 205 3345 g
293 3255 439 3326 Nascitur
454 3279 530 3345 cam
552 3258 705 3331 laenitate
728 3262 859 3330 radicali
885 3259 1054 3349 praedict-as
1077 3260 1278 3347 cognitiones

200 3364 204 3369 ’
293 3385 351 3454 per
366 3387 557 3434 memorram
577 3369 859 3437 conservandi—
855 3360 966 3435 Ratio
993 3367 1171 3446 evolvitur,
1201 3370 1278 3431 olam

225 3509 228 3515 ,
293 3459 455 3558 praedictae
472 3472 663 3543 saealtates
654 3500 671 3544 a
692 3477 834 3566 potentia
841 3474 891 3543 ad
917 3487 1023 3587 actum
1048 3483 1230 3593 transeunt
1233 3507 1279 3519 -

294 3576 369 3659 Quo
385 3577 501 3674 posito,

339 3692 437 3758 Proh.
465 3692 605 3761 Rationis
620 3698 759 3783 evolutio
776 3696 896 3788 pendet
917 3696 957 3763 ab
967 3692 1220 3773 educatione,
1194 3716 1220 3759 sr
1241 3713 1278 3761 ex

294 3803 364 3867 una
376 3813 467 3887 parte
482 3801 581 3868 horno
591 3824 655 3884 noa
670 3803 770 3892 possit
784 3804 911 3891 absque
926 3804 1026 3881 verbo
1042 3792 1094 3884 ile
1116 3804 1278 3887 lonpupc)

293 3906 492 3999 abstrahere,
508 3909 677 4000 percipere
693 3912 778 3976 entia
796 3909 985 3997 spiritualia,
1004 3901 1169 3996 judicare,
1185 3904 1279 3975 ralio-
