3025 4725
600 438 832 515 ——stu-.

201 600 309 647 unum
321 579 486 665 praecipue
498 580 689 657 intendisse,
709 577 831 644 scilieet
843 576 990 643 homines
1003 578 1044 645 od
1054 581 1189 665 Religio·

202 706 280 753 nem
294 704 387 751 suom
398 684 573 763 adducere,
586 696 617 751 et
633 685 673 751 etl
694 684 783 749 hune
800 681 899 750 finem
926 684 1095 752 ordinhsse
1116 707 1186 752 om·

202 788 1189 877 niaoperasuasupematuralia3proindeetprophetiasquos

204 896 320 963 edidit.
341 895 374 961 9.
396 894 613 997 Spaoialiter,
638 895 679 961 ad
697 893 968 989 resurrectionem
985 912 1094 972 suam,
1116 902 1185 961 tan·

204 1001 306 1089 quim
328 996 367 1067 nd
386 1013 509 1071 eerttrm
532 1002 649 1067 divinae
673 1000 836 1067 missionis
858 1020 927 1065 snae
945 1000 1184 1079 testimonium,

204 1108 315 1175 adhue
338 1106 447 1196 vivens
473 1106 655 1195 appellavit,
686 1101 839 1195 qnando,
849 1107 1106 1174 Pherisaeis‘o
1058 1110 1185 1193 signum

204 1213 407 1303 petentibus,
417 1212 512 1283 Jesus
529 1212 713 1300 respondit:
732 1240 744 1277 ι
762 1212 896 1298 Sipoom
907 1234 973 1279 noo
989 1213 1124 1279 dabitur
1135 1235 1190 1299 pe-

205 1320 371 1387 nerotr’oni
386 1318 472 1397 haro,
491 1320 557 1385 nisi
571 1320 700 1404 siparum
720 1319 811 1384 Jorsoe
822 1318 1052 1403 propheto...»
1077 1319 1186 1384 llatth.

206 1424 263 1507 tn,
276 1424 320 1491 58
331 1433 362 1491 et
377 1443 426 1511 sq.
446 1424 523 1508 item
541 1425 770 1513 praedietiones
778 1423 894 1491 Christi
910 1424 1056 1492 de-urhis
1068 1436 1100 1490 et
1110 1438 1188 1492 tem·

204 1531 250 1622 pli
277 1530 464 1623 eversione,
478 1530 530 1595 *do
553 1530 661 1613 lutura
684 1530 876 1597 ludaeorum
904 1529 1106 1617 dispersione
1115 1532 1185 1611 ,ab

204 1640 277 1727 ipso
299 1637 393 1703 editae
420 1635 551 1719 luerunt
571 1637 603 1701 ln
630 1634 855 1724 probationem
879 1635 996 1703 divinae
1019 1636 1187 1723 legationis

205 1765 289 1823 suae,
309 1742 447 1829 utolare
473 1743 670 1829 eonspicitur
686 1741 826 1828 existis:
843 1770 866 1813 ι,
881 1742 918 1807 Si
937 1745 1138 1833 oopaooa'aaas
1158 1753 1189 1818 et

204 1862 252 1930 tu,
263 1861 293 1915 st
308 1849 466 1935 quidem
454 1870 489 1915 ao
501 1850 561 1937 vae
578 1849 775 1936 (ἰξειιιάᾳαω
787 1849 833 1915 od
842 1867 992 1934 paoem
966 1847 1089 1913 titt...»
1104 1850 1181 1928 tua

207 1954 508 2042 l9,l2etsq.Vitl.
529 1954 748 2027 etiamllatth
768 1954 825 2021 93.
896 2027 901 2035 ,
1098 2018 1101 2022 ,
1195 2037 1215 2043 Ι,

252 2062 363 2126 Conci.
389 2061 472 2145 Ergo
492 2066 581 2126 corto
601 2059 741 2145 probant
764 2056 926 2127 Christum
947 2033 1047 2129 luisse
1069 2068 1145 2131 vere
1169 2068 1189 2123 a
1274 2094 1278 2098 -

206 2141 273 2239 Deo
291 2168 441 2237 missum
462 2168 544 2251 Ergo
558 2166 663 2233 divina
681 2178 729 2233 est
745 2166 868 2254 Religio
879 2188 982 2255 qnam
1004 2167 1178 2235 Christus
1163 2190 1201 2233 a,

204 2279 298 2345 Patre
314 2276 433 2347 missus
451 2273 637 2351 hominihus
650 2273 811 2341 revelavit.
870 2350 875 2357 .

345 2419 399 2482 53.
415 2421 455 2470 Do
467 2416 619 2480 moouttu
631 2417 808 2484 post-corint
828 2419 949 2477 temporo
967 2416 1065 2469 edtttr..

260 2547 492 2636 htemporibus
508 2533 623 2616 Christi
641 2549 821 2614 innumerae
834 2543 1069 2634 propemodum
1083 2545 1115 2610 in
1132 2547 1189 2611 Eo·

214 2650 317 2718 olesih
331 2643 485 2722 catholiea
503 2655 597 2722 editae
616 2668 691 2721 sunt
714 2658 732 2720 a·
756 2651 879 2720 Sanctis
902 2651 976 2720 viris
995 2651 1184 2740 prophetiae,

214 2775 293 2844 quoe
302 2749 526 2842 possenletiam
537 2759 693 2827 afferriad
707 2755 975 2848 propugnandam
987 2756 1186 2826 ¹divinitatem

209 2859 389 2946 Religionis
401 2859 592 2935 Christianae.
603 2865 682 2934 Cum
695 2879 803 2956 autem
812 2865 908 2952 hujus
916 2866 1189 2955 generisprophe·

207 2965 329 3034 tiorum
348 2970 499 3056 expositio
517 2971 778 3038 traototfisnostri
791 2958 906 3036 limites
917 2971 1098 3048 excederet,¹
1108 2971 1190 3058 prro·

204 3083 332 3140 sentem
344 3077 512 3142 materiam
538 3077 747 3156 absolvimus,
768 3083 915 3142 notantes
932 3080 1055 3140 tantum
1073 3075 1189 3141 eodem

203 3179 345 3246 modo
318 3202 402 3248 orrea
421 3183 496 3248 istos
519 3176 705 3271 prophetias
723 3202 794 3250 esse
807 3164 1063 3271 procedendum,
1082 3192 1118 3245 ut
1138 3199 1190 3246 ar

203 3301 398 3370 gunrontum
426 3309 463 3354 ex
481 3288 542 3354 illis
564 3290 680 3357 deduci
706 3290 851 3378 questio
865 3289 1007 3374 gratiam
1017 3285 1192 3372 Religionis

204 3387 409 3508 Christianus,
431 3412 496 3480 quo
515 3397 570 3462 do
572 3395 696 3463 caeteris
715 3393 918 3519 ratiocinium
936 3394 1097 3460 hahetur.

642 3675 791 3722 ...δι-η’
848 3691 853 3699 .
