3025 4725
685 450 818 515 —Chli
839 488 884 500 --

283 592 348 662 Dei
357 610 435 675 erga
445 598 544 657 totam
554 590 718 665 irationem
728 588 937 677 adimplentis
947 589 1016 660 illas
1027 590 1143 680 ingrati
1156 592 1267 679 populi

285 698 546 787 deprecationes:
570 724 584 755 ι
597 696 739 782 Sanguis
747 698 819 779 ejus
834 716 933 780 super
949 715 1009 761 noa
1025 706 1056 759 et
1071 717 1169 779 super
1181 701 1269 783 filios

284 816 464 873 iwslt'osstn

331 910 370 980 2⁰
379 908 437 975 llio
449 904 638 975 ludaeorum
647 916 747 983 status
760 903 1034 970 evidentissimum
1046 904 1195 990 perhibet
1206 919 1269 975 tes·
1351 959 1353 964 .

282 1014 458 1083 timonium
470 1012 647 1097 ingratiam
661 1010 825 1094 religionis
836 1008 1038 1076 Christianae.
1051 1012 1220 1103 Siquidem
1232 1014 1264 1080 l.
1296 1038 1300 1043 ·

285 1120 321 1186 in
334 1117 552 1204 Scripturisll.
564 1118 760 1183 Testamenti
773 1117 963 1185 Judaeorum
978 1117 1175 1210 calamitates
1187 1141 1269 1206 prm-

285 1218 1140 1307 nuntiataeluerantutpotesubsecuturaeocoisionem
1152 1222 1267 1290 Christi

286 1336 321 1395 et
330 1327 531 1411 negationem
542 1326 611 1412 ejus
622 1326 738 1391 divinae
745 1325 920 1402 missionis:
936 1328 1270 1420 «nonnitejuspopuf

287 1434 406 1519 lusqttt'
414 1453 486 1497 euro
498 1444 677 1517 negaturus
693 1444 751 1517 cst.
767 1460 780 1489 ι
801 1432 919 1497 Eadem
930 1444 961 1496 et
976 1440 1108 1521 propter
1120 1436 1267 1503 eamdem
1352 1454 1355 1460 ’

286 1554 421 1607 eausam
438 1538 629 1624 praedixerat
646 1538 714 1624 ipse
728 1536 886 1602 Christus.
899 1538 988 1602 -ἳ,
1001 1540 1034 1603 ln
1045 1540 1267 1613 nullumaliud

286 1644 422 1721 sualua,
445 1644 506 1709 nisi
527 1644 561 1707 in
584 1644 665 1711 illud
687 1642 776 1729 quod
794 1642 994 1709 admiserunt
1010 1646 1116 1710 Judaei
1139 1646 1268 1711 oruoifi-
1342 1636 1345 1639 ⁴

140 1834 147 1841 ι
228 1792 235 1798 -
285 1762 400 1847 gen-tes
410 1750 524 1831 Jesur'n
537 1768 680 1837 eumque
690 1770 748 1835 pro
758 1748 872 1815 Massia
884 1769 959 1814 vero
972 1751 1114 1836 recipere
1128 1772 1267 1839 renuen-

285 1872 349 1936 teS,
370 1864 474 1943 potest
488 1855 694 1927 refunditam
712 1856 878 1934 diuturna,
897 1857 1088 1923 universalis
1110 1857 1267 1922 etaoerha

286 1962 467 2032 calamitas.
709 2038 713 2041 ,
859 2014 870 2041 -.
1116 2030 1120 2033 .

295 2102 298 2108 -
333 2066 596 2138 'landemludaei
615 2087 672 2153 per
689 2079 791 2133 totum
813 2066 926 2135 orbem
942 2068 1165 2148 subsistentes,
1188 2068 1268 2153 legis

286 2196 325 2243 ao
349 2172 509 2252 librorum
527 2189 661 2237 suorum
679 2163 884 2256 reliogissimi
901 2172 1053 2252 cultores,
1075 2183 1171 2240 testes
1194 2182 1269 2239 sunt

286 2288 318 2349 et
328 2289 424 2352 testes
437 2284 523 2344 certe
540 2278 629 2345 omni
650 2280 838 2368 exceptione
854 2276 994 2364 majores
1019 2280 1268 2348 authenticitotis
1357 2321 1360 2325 ι

287 2402 318 2455 et
341 2385 530 2472 integritatis
555 2405 722 2452 sacrorum
754 2385 792 2450 V.
816 2383 1011 2447 Testamenti
1030 2384 1202 2459 librorum,
1230 2385 1262 2446 in

291 2496 408 2578 quihus
423 2495 628 2562 continentur
645 2492 741 2557 simul
762 2498 794 2554 et
809 2490 868 2554 Dei
880 2489 1082 2576 ,providentis
1099 2489 1267 2574 dispensa·

296 2597 394 2662 tiones
407 2601 448 2666 atl
466 2600 655 2684 religionem
674 2596 888 2662 Christianam
910 2593 1049 2681 praeviae,
1068 2602 1099 2657 et
1120 2593 1266 2661 vaticinia

298 2702 456 2784 exquibus
471 2703 596 2773 eruitur
611 2704 718 2770 divina
731 2709 850 2768 nostrae
868 2700 1033 2786 religionis
1044 2700 1151 2786 origo.

645 2913 753 2970 onon.
775 2911 812 2971 11i
828 2907 911 2970 unu.
1020 2877 1024 2884 ’

583 3079 622 3121 mr
640 3063 807 3120 ’resttmontn
820 3079 949 3122 hnmano.

332 3217 433 3283 Proh.
444 3217 474 3305 l.
493 3219 624 3284 Testim.
641 3218 774 3288 Christi.
786 3220 819 3286 Si
836 3219 1170 3307 attendaturconditio
1182 3219 1265 3297 ritae,

287 3322 315 3390 si
341 3321 586 3412 perpendantur
608 3323 810 3397 characteres
827 3324 957 3405 Christi,
985 3325 1088 3414 qrralis
1116 3327 1147 3392 in
1175 3327 1268 3392 terris

285 3429 382 3495 visus¹
399 3441 496 3504 estet
512 3431 598 3518 apud
618 3429 765 3506 homines
789 3445 996 3521 conversatos
1014 3445 1073 3512 est,
1092 3434 1198 3499 solum
1221 3430 1268 3520 ip'·

283 3536 355 3603 sius
371 3535 595 3602 testimonium
611 3537 735 3626 praehot
746 3547 974 3622 argumentum
985 3535 1050 3605 fide
1061 3547 1269 3626 ,summopere
1334 3526 1338 3532 ⁵

283 3641 425 3726 dignum
436 3641 619 3726 ingratiam
630 3642 898 3730 religionisquam
909 3645 1267 3713 hominihusrerelarit.
1313 3728 1316 3733 Ι

236 3753 246 3769 ’
335 3745 482 3817 Christus
499 3771 564 3816 non
578 3749 691 3831 semel,
709 3752 765 3818 sed
792 3751 910 3838 saepius
927 3763 958 3817 et
975 3762 1170 3836 constanter,
1200 3753 1267 3814 tum
