3025 4725
597 564 651 624 ἓ-
679 567 809 633 185-

211 698 276 769 bos
291 694 516 789 Apostolorum
533 696 665 763 historia
683 694 773 763 Pauli
789 718 893 784 usquc
909 700 948 765 ad
971 700 1111 786 primum
1125 704 1194 789 ojus

210 807 245 877 in
272 805 388 872 urbem
414 804 548 871 Romam
573 803 747 869 adventum
763 802 946 882 deducitur,
975 807 1063 890 quod
1080 809 1195 892 probat

211 912 303 979 hunc
314 907 435 977 librum
456 909 580 975 editum
596 907 695 975 luisse
711 922 785 974 onte
801 909 890 975 Pauli
903 910 1051 996 inprimis
1059 913 1194 978 vinculis

209 1018 419 1090 solutionem.
436 1014 503 1088 ttae,
520 1052 567 1065 --
578 1016 722 1083 Narratio
735 1016 903 1082 ordinatur
918 1016 959 1081 ad
979 1016 1078 1084 finem
1095 1033 1194 1103 quom

210 1122 379 1211 Apostolos
389 1120 450 1187 sibi
473 1120 680 1209 proposuisse
694 1120 849 1187 traditur:
868 1121 1010 1205 Siov.>g.
1029 1123 1194 1189 Matthaeus

212 1248 281 1317 prae
303 1227 433 1293 caeteris·
450 1225 547 1293 refert
569 1226 754 1315 prophetias
780 1226 813 1291 in
839 1224 966 1292 Christo
981 1226 1191 1315 adimpletam

211 1316 1195 1420 haecenimerantapudltrdaeos,qnoshpostolusspecialiter
1312 1362 1315 1365 ⁴

211 1438 413 1518 intendebat,
425 1438 779 1522 validioraargumenta
792 1438 831 1502 ad
843 1439 1194 1525 probandamdivinam
1309 1423 1312 1427 ’

210 1544 400 1613 missionem
418 1543 602 1616 Salvatoris.
624 1544 764 1610 loannes
781 1542 985 1630 potissimum
1009 1565 1194 1611 sermonem

93 1713 96 1741 ‚
210 1650 313 1717 habet
327 1648 368 1716 de
385 1650 550 1717 divinitate
573 1648 691 1717 Christi
717 1650 760 1715 ad
773 1634 777 1642 ¹
790 1648 1005 1717 confutandos
1024 1651 1193 1719 haereticos

209 1756 261 1825 sui
275 1756 432 1851 temporis
444 1756 502 1843 qni
516 1755 579 1823 hoc
596 1755 714 1840 dogma
724 1753 929 1842 rejiciebant.
941 1756 1036 1842 Ergo.

419 1955 431 2012 l
444 1956 470 2001 ²·
483 1954 560 2001 nitri
573 1958 603 2003 tt.
616 1955 781 2009 testamento
795 1958 858 2004 sunt
870 1958 985 2010 luteum.

252 2080 355 2150 Proh.
379 2080 408 2147 I.
437 2080 489 2149 Ea
515 2080 720 2147 Testimooio
732 2078 1005 2164 -lotcgritatom
1033 2083 1192 2150 librorum

208 2192 246 2259 N.
265 2188 466 2257 Testamenti
479 2187 639 2257 affirmant
653 2184 811 2255 Catholici
828 2208 1008 2275 corumque
1019 2192 1193 2266 adversarii

206 2318 281 2366 cum
295 2294 499 2364 convictione
518 2293 673 2378 legitimi.

252 2405 290 2469 l⁰
306 2404 359 2468 lnt
359 2401 530 2486 egritatcm
554 2398 715 2465 affirmant
730 2397 915 2466 Catholici.
926 2399 1093 2484 Siquidem
1111 2419 1192 2483 quo.

208 2509 257 2572 ris
282 2515 430 2594 tempore
460 2505 645 2573 hahuerunt
668 2506 706 2574 N.
740 2505 981 2571 Testamentum
1005 2516 1041 2568 nt
1069 2503 1191 2568 librum

213 2611 321 2694 quoad
332 2631 442 2678 omnes
460 2612 733 2699 partesdirinom‚
752 2609 1047 2681 utiundamcotum
1061 2596 1191 2690 religio·

216 2713 272 2778 nis
285 2731 368 2792 saraa,
383 2718 469 2790 unde
485 2729 533 2784 sat
547 2717 633 2784 clarit
650 2724 774 2784 constat
784 2715 963 2783 Catholioos
978 2735 1091 2780 omnes
1107 2713 1192 2778 illius
1241 2787 1245 2790 ⁴

197 2844 201 2858 ¹
215 2816 429 2901 integritatem
441 2822 540 2891 fuisse
552 2805 777 2908 professos..-
784 2821 948 2894 Affirmant
958 2817 1191 2909 etiam’(saltem

209 2919 373 3011 implicite
396 2945 450 3012 per
479 2927 677 3007 silentium)
688 2927 921 3014 quamplurimi
952 2927 1192 2993 Catholicornm

204 3029 398 3112 adversarii,
409 3053 465 3120 qur
456 3033 616 3100 nullum
622 3039 767 3120 unquam
784 3037 914 3101 movere
929 3035 1069 3101 dubium
1086 3035 1127 3099 de
1152 3034 1190 3105 li

93 3180 96 3192 ·
205 3135 398 3207 broromN.
413 3139 635 3205 Testamenti
626 3139 821 3224 integritate

252 3242 292 3307 2⁰
310 3240 479 3309 Affirmant
494 3265 569 3311 cum
593 3244 814 3311 convictione:
831 3281 877 3296 -
895 3243 1066 3319 Catholici.
1084 3242 1191 3330 siqui.

96 3379 106 3428 fr
206 3346 284 3414 dem
313 3348 381 3414 fide
411 3350 520 3422 divina
545 3351 682 3426 credunt
704 3350 806 3418 libros
825 3352 863 3418 N.
897 3352 1093 3418 Testamenti
1121 3371 1192 3416 csso

96 3487 108 3538 p
206 3452 316 3539 quoad
332 3475 448 3530 omnes
465 3468 573 3544 partes
588 3457 776 3544 inspiratos3·
793 3456 926 3545 insuper
952 3457 1045 3523 multi
1069 3478 1107 3523 err
1123 3457 1206 3530 ,iltis

98 3569 113 3642 [i.
204 3569 344 3630 mortem
365 3573 522 3650 oppetere
538 3584 602 3634 non
619 3561 810 3629 dubitarunt
835 3583 877 3629 ne
901 3563 984 3629 sacri
1005 3561 1133 3628 coelicos
1158 3564 1191 3627 in

98 3689 114 3749 p
203 3683 322 3737 manus
343 3665 528 3741 infidelium
550 3669 712 3737 venirent:
740 3689 814 3755 quae
839 3669 947 3736 omnia
974 3668 1191 3734 firmissimam

99 3795 114 3872 p
199 3778 347 3854 arguunt
363 3774 613 3842 convictionem.
625 3773 877 3842 -rldvcrsariiz
900 3773 985 3840 Nihil
1005 3774 1092 3839 enim
1110 3773 1212 3838 omi.

100 3901 112 3950 a
199 3887 319 3948 serunt
331 3877 373 3943 od
395 3877 624 3958 infirmandam
638 3875 851 3947 Christianam
861 3871 979 3955 lidem3
997 3868 1134 3964 proinde
1150 3877 1191 3945 do
