3025 4725
663 672 862 738 -258-

281 834 369 891 cerc;
404 810 490 899 quod
514 812 678 877 evidenter
706 811 879 877 maximam
905 823 1050 898 exparte
1075 806 1261 901 impostoris

280 926 429 1005 argueret
446 918 653 984 dementiam.
674 918 763 983 liano
775 930 883 983 autem
900 916 1043 983 stultitiae
1059 930 1091 987 ct
1102 916 1260 1008 impostu-

280 1046 324 1091 rae
337 1024 566 1111 suspicionem,
586 1042 683 1109 quam
696 1029 806 1111 aperte
823 1020 974 1087 refellunt
989 1022 1192 1091 characteres
1209 1046 1261 1091 sa-

280 1130 410 1217 pientiae
428 1141 459 1194 et
483 1129 655 1195 sanctitatis
683 1128 715 1193 in
742 1127 870 1194 Christo
894 1128 1102 1208 relucentes,
1132 1130 1266 1218 ipsimet-

282 1233 464 1321 lmpiissimi
491 1254 620 1301 movere
644 1253 709 1300 non
733 1236 865 1300 audent.
891 1228 975 1318 llrsso'
995 1237 1125 1300 summi
1147 1255 1261 1301 verum

281 1355 329 1407 est
341 1342 559 1407 testimonium
578 1341 693 1408 Christi
707 1364 714 1421 ;
728 1360 818 1425 ergo,
839 1347 874 1405 ut
886 1341 955 1429 ipse
963 1340 1088 1420 asserit,
1107 1351 1265 1411 uerusest

280 1444 340 1513 Dei
360 1439 497 1533 legatus,
523 1468 617 1515 verus
649 1448 746 1514 Filius
767 1447 844 1523 Dei3
867 1467 945 1531 ergo
958 1437 1065 1512 divina
1082 1458 1130 1513 est
1148 1448 1261 1533 religio

280 1550 458 1621 Christiana
476 1552 541 1643 (l).

321 1658 421 1724 Proh.
434 1656 478 1725 II.
502 1659 631 1725 Testim.
646 1656 760 1743 Apost.
774 1657 904 1724 Certum
917 1664 976 1736 cst,
988 1678 1026 1723 ex
1034 1657 1126 1725 libris
1136 1659 1175 1726 Ν.
1189 1660 1264 1726 'l'es

278 1764 423 1843 tumenti,
443 1765 624 1851 specialiter
638 1784 676 1831 ert
692 1764 776 1829 libro
807 1763 955 1841 hctuom,
982 1762 1261 1851 Apostolos‘cons-

279 1870 382 1935 tanter
398 1888 433 1937 se
445 1869 582 1953 gessisse
595 1873 748 1955 tanquam
762 1868 878 1933 Christi
892 1869 1030 1952 legatos,
1040 1880 1071 1933 et
1081 1867 1262 1935 doctrinam

277 1983 376 2059 quam
393 1974 515 2058 ubique
535 1974 752 2059 praedicarunt
768 1973 937 2039 tradidisse
951 1980 1104 2059 tanquam
1121 1974 1264 2041 divinam

278 2091 310 2143 et
322 2080 339 2143 a
352 2080 430 2141 lesu
448 2078 573 2143 Christo
586 2078 645 2142 Dei
658 2078 739 2142 Filio
750 2080 934 2145 revelatam.
944 2079 1263 2167 ittodtpostotorum

277 2182 497 2247 testimonium
506 2182 1262 2266 dedivina'legationeetdocirinhChristi—iidem

276 2286 413 2353 maxime
441 2284 560 2353 mereri
584 2288 739 2376 probatur
756 2288 909 2357 omnihus
925 2292 1107 2359 rationibus
1118 2294 1185 2380 jhm
1202 2314 1260 2358 su·

275 2393 386 2482 partos
402 2393 517 2474 allatis,
538 2393 593 2460 ubl
610 2396 860 2462 rtcductorr'totc
877 2388 1034 2464 librorum
1053 2400 1093 2466 N.
1113 2401 1147 2463 Τ.
1163 2399 1255 2462 Dicta

249 2513 499 2580 resumentes,
533 2503 579 2568 sic
611 2507 894 2588 argumentamur:
922 2504 1048 2571 Atlanta
1070 2500 1257 2570 conditione·

275 2607 348 2674 vitae
362 2606 602 2697 Apostolorum,
617 2607 761 2696 quicum
780 2608 906 2675 Christo
923 2609 1052 2677 lucrant
1062 2606 1250 2686 conversati,

277 2715 379 2801 ipsius
395 2709 561 2782 sermones
572 2727 794 2804 susceperant,
812 2723 908 2785 testes
917 2718 1104 2783 exstiterant
1114 2715 1262 2783 omnium

277 2818 347 2906 ejus
359 2841 494 2908 operum
505 2815 932 2902 etmiraeulorum‚·constat
942 2821 1266 2910 Apostolospotuisse

275 2925 439 3010 inquirere
450 2928 490 2992 de
506 2927 569 2994 hoc
584 2929 678 3008 lacto,
692 2930 931 2998 scillcctutrrim
946 2929 1066 3014 legatio
1081 2927 1262 2996 salvatoris

275 3047 342 3114 prae
358 3047 393 3092 se
417 3029 526 3095 tulerit
540 3045 632 3098 notas
649 3037 811 3102 missionis
828 3035 958 3102 divinae.
978 3036 1105 3102 Auenti
1127 3033 1262 3102 convic-

174 3183 178 3188 .
259 3191 262 3193 .
277 3133 364 3204 tione
381 3133 518 3198 etanlmi
536 3135 786 3224 alacritatequa,
800 3154 873 3225 post
888 3149 1025 3207 mortem
1036 3140 1169 3219 Christi,
1184 3160 1263 3228 prae·

275 3237 352 3304 dicti
367 3236 522 3325 Apostoli,
541 3241 631 3327 priirs
643 3240 839 3326 trepidantes
853 3258 884 3310 et
900 3248 932 3312 in
946 3247 1010 3312 lide
1021 3246 1155 3324 infirmi,
1174 3264 1259 3332 prae·

277 3343 445 3412 dicationis
461 3343 660 3428 Evangelicae
677 3351 787 3431 postea
811 3359 1025 3438 susceperunt
1044 3371 1150 3438 opus,
1176 3370 1260 3436 opus

275 3431 530 3536 videlicetcujus
547 3447 753 3518 difficultates
771 3468 803 3520 et
814 3457 957 3542 pericula
970 3479 1035 3523 non
1051 3455 1261 3541 ignorabam

204 3575 207 3578 ·
277 3563 401 3619 constat
417 3573 472 3620 eos
491 3553 589 3620 luisse
606 3554 700 3643 plane
716 3581 889 3648 persuasos
904 3563 946 3629 de
959 3552 1124 3629 diuinitate
1132 3559 1259 3627 doctri·

276 3677 327 3724 nae
336 3655 469 3727 Christi.
483 3651 615 3728 Atlantis
624 3666 810 3753 prudentia,
819 3667 1043 3736 moderatione
1055 3681 1093 3736 at
1102 3665 1259 3797 sapientia

243 3931 248 3934 ·
310 3903 345 3973 (l)
353 3908 410 3960 lid
425 3909 574 3973 lloocltcffl
590 3914 621 3978 ll,
637 3922 701 3983 part
719 3915 803 3978 2,.art
819 3915 844 3979 1,
859 3917 914 3980 tl,
930 3921 1003 3979 prop.
1018 3917 1044 3978 1;
1057 3910 1187 4018 heroisin,
1203 3903 1262 3962 Dr'·

277 3993 390 4042 moostr
405 3991 522 4056 catana„
537 3993 613 4057 clrap.
629 3995 654 4043 5.
