3025 4725
358 586 369 597 n

702 662 904 728 400..

365 810 387 875 l.
408 810 552 893 systema
575 808 617 873 D.
630 808 758 873 Strausa
775 807 893 873 laisum
910 820 959 873 eat
974 808 1008 873 in
1022 829 1072 874 cc.
1145 840 1151 847 ·

365 918 425 981 Pr.
438 915 466 979 Ι.
484 914 517 979 Si
549 914 759 979 admittantur
789 913 831 978 l).
852 914 986 981 Strausa
1004 914 1163 1001 principie
1179 965 1189 994 ,
1204 917 1301 994 lictio,

321 1021 521 1087 characteres
538 1034 569 1085 et
596 1018 725 1088 dillusio
742 1018 844 1105 mytlri
860 1020 1041 1104 evangelici·
1056 1036 1228 1107 nequeunt
1249 1045 1301 1091 ex·

321 1126 445 1212 plicari.
1192 1194 1196 1197 .

365 1230 402 1297 Et
423 1228 455 1295 l'0
473 1228 559 1295 lietio
575 1230 675 1317 mythi
704 1228 880 1312 evangelici
907 1249 971 1297 non
1000 1236 1105 1315 potest
1126 1232 1298 1319 explicari:

321 1336 400 1401 llam
424 1336 511 1401 [ictio
527 1334 699 1421 cujtraliltet
723 1334 824 1419 mythi
852 1333 913 1397 tria
929 1335 1110 1405 necessario
1126 1338 1299 1423 supponit,

322 1441 442 1506 scilieet
456 1442 488 1505 l.
507 1460 650 1517 causam,
670 1460 727 1505 seu
740 1440 942 1516 inventores;
960 1439 995 1504 2.
1013 1439 1046 1503 in
1062 1440 1303 1521 inventoribus,

322 1546 409 1611 ideas
434 1566 514 1631 quaa
542 1547 670 1632 mytlrus
693 1545 875 1631 exprimere
895 1552 929 1609 ct
943 1544 1105 1611 involvere
1121 1546 1244 1624 debctt
1269 1547 1301 1611 5.

320 1660 448 1737 tempus
466 1650 629 1719 sufficiens
647 1658 683 1717 ut
712 1650 851 1735 mythice
874 1649 963 1715 fictio
985 1649 1188 1735 perficietur.
1206 1655 1302 1719 Porro

322 1757 355 1821 l.
374 1758 405 1821 in
423 1756 590 1843 hypothesi
608 1757 650 1823 D.
668 1758 809 1835 strenas,
823 1756 972 1841 mythicoe
994 1754 1117 1821 fictioni
1130 1758 1209 1827 vitre
1227 1759 1300 1823 lesu

322 1882 416 1929 causa
433 1863 589 1945 assignari
605 1882 669 1927 non
686 1869 809 1948 potest:
826 1860 997 1932 Contendit
1011 1861 1171 1945 equidem
1186 1864 1298 1928 adrer·
1399 1867 1401 1871 '

322 1967 425 2033 sarius
449 1982 559 2035 noster
586 1966 731 2050 mythum
760 1964 981 2049 evangelicum
1004 1966 1086 2031 intra
1111 1967 1295 2038 societatem

321 2072 527 2137 christianam
543 2071 642 2138 luisse
658 2071 845 2137 contlctum.
860 2074 1073 2140 laxmautam
1083 2073 1187 2159 hujus
1202 2077 1297 2161 sy'ste·

320 2176 413 2239 matis
428 2176 611 2262 principia,
628 2177 859 2264 inexplicabilia
880 2192 929 2244 est
946 2178 1115 2245 existentia
1140 2178 1292 2248 annotatis

321 2280 515 2347 elrriatianae.
528 2282 560 2349 Si
570 2282 671 2374 euim,
686 2298 721 2349 at
731 2285 900 2352 asseritD.
911 2285 1054 2365 strauas,
1069 2292 1220 2372 tanquiarn
1235 2284 1288 2348 ab·

320 2389 417 2453 surda
434 2387 608 2475 rejicienda
619 2391 690 2456 sint·
702 2392 810 2456 omnia
824 2391 992 2470 miracula,
1010 2393 1039 2457 si
1061 2392 1146 2460 nulla
1160 2389 1285 2476 prophe

246 2581 248 2584 Ι
320 2493 374 2558 ttae
390 2495 436 2560 vis
450 2495 614 2582 probativa
639 2497 801 2562 inltaerere
824 2497 990 2584 possitae
1016 2497 1143 2584 proinde
1152 2494 1179 2556 si
1189 2487 1278 2554 nullis

223 2635 227 2638 ·
320 2601 579 2667 extraordinariis
591 2602 689 2686 signis
703 2601 835 2688 probata
846 2607 878 2666 et
889 2600 1072 2668 confirmata
1084 2589 1278 2662 lueritmiaaio

321 2693 1286 2793 Christi,quomoddconstitutalucritproedietasocietatiquir

319 2808 501 2878 busmediia
511 2803 1291 2895 totiidelea‚natione,indole,praejudiciisinterxe

280 2927 283 2934 ’
319 2918 382 2977 tant
395 2915 525 2992 diversi,
537 2917 668 2980 adducti
677 2915 797 2982 luerint
806 2915 846 2981 ad
859 2912 1153 2997 derelinquendum
1159 2921 1292 2996 patemae

319 3014 482 3096 religionis
495 3019 633 3104 cultum,
659 3021 963 3106 suscipiendamque
979 3017 1289 3083 doctrinamentum

319 3117 1293 3205 cupiditatibus-planecernennentesaccraciatusinhlt

185 3245 186 3248 ¹
248 3297 250 3302 ι
318 3219 381 3285 vitd
409 3221 736 3307 prosulcantemt-
757 3223 1122 3305 demerendorum
1145 3230 1296 3312 repugnat

124 3337 126 3344 ’
188 3321 195 3327 ”
243 3367 244 3372 1
319 3325 521 3396 Christianos.
539 3325 700 3414 primevae
728 3331 830 3406 aetatie
855 3333 1136 3421 'quamplurimirm
1154 3331 1252 3397 rudes
1268 3336 1295 3390 et

316 3431 482 3499 illiteratos
493 3431 732 3524 philosophicas
746 3437 995 3520 excogitationes
1012 3437 1203 3514 intendisse,
1222 3448 1296 3519 ques
1399 3452 1400 3455 ’

316 3535 393 3619 ipsis
409 3534 549 3616 gratuito
565 3534 718 3603 adscribit
734 3541 775 3620 D,
790 3541 1081 3613 §transmunde
1103 3539 1241 3606 inseritis
1254 3534 1296 3600 ri-

317 3638 447 3706 debitur
464 3637 661 3708 Christianos
671 3643 769 3730 hujus
777 3647 933 3734 temporis
950 3652 967 3714 a
982 3647 1071 3715 cultu
1088 3647 1227 3715 deorum
1245 3637 1298 3708 ,tel

315 3743 483 3808 ludaismo
495 3766 597 3832 nuper
607 3767 777 3817 conversos
790 3771 854 3816 non
870 3754 1014 3838 potuisse
1031 3751 1178 3818 invenire
1191 3742 1297 3813 acsula

316 3845 464 3933 mythicis
481 3854 670 3944 commentis
687 3857 867 3942 exprimere
878 3858 1060 3923 doctrinam
1082 3852 1296 3946 dogmaticam

316 3949 352 4023 et*
362 3969 518 4044 ptaecepta
536 3959 667 4024 moralia
680 3981 753 4047 quae
766 3962 797 4024 in
815 3961 986 4047 Evangelio
998 3970 1242 4051 proponuntur.
1252 3987 1294 4001 --
1313 3948 1317 3952 ¹
