<?xml version="1.0" encoding="UTF-8"?>
<!DOCTYPE html PUBLIC "-//W3C//DTD XHTML 1.0 Transitional//EN"
    "http://www.w3.org/TR/xhtml1/DTD/xhtml1-transitional.dtd">
<html xmlns="http://www.w3.org/1999/xhtml" xml:lang="en" lang="en">
 <head>
  <title>
</title>
<meta http-equiv="Content-Type" content="text/html;charset=utf-8" />
  <meta name='ocr-system' content='tesseract 3.04.00' />
  <meta name='ocr-capabilities' content='ocr_page ocr_carea ocr_par ocr_line ocrx_word'/>
</head>
<body>
  <div class='ocr_page' id='page_1' title='image "./theologiadogmat02fraigoog_0146.png"; bbox 0 0 3025 4725; ppageno 0'>
   <div class='ocr_carea' id='block_1_1' title="bbox 204 629 1406 3623">
    <p class='ocr_par' dir='ltr' id='par_1_1' title="bbox 325 629 1321 1286">
     <span class='ocr_line' id='line_1_1' title="bbox 717 629 899 712; baseline -0.022 -14"><span class='ocrx_word' id='word_1_1' title='bbox 717 683 761 698; x_wconf 92' lang='grc'>...</span> <span class='ocrx_word' id='word_1_2' title='bbox 787 647 830 712; x_wconf 73' lang='lat' dir='ltr'>5ss</span> <span class='ocrx_word' id='word_1_3' title='bbox 854 629 899 694; x_wconf 85' lang='lat'>.&#39;.</span> 
     </span>
     <span class='ocr_line' id='line_1_2' title="bbox 326 785 1303 876; baseline 0.001 -21"><span class='ocrx_word' id='word_1_4' title='bbox 326 787 493 855; x_wconf 78' lang='lat' dir='ltr'>verificare</span> <span class='ocrx_word' id='word_1_5' title='bbox 504 797 689 874; x_wconf 87' lang='lat' dir='ltr'>potnerunt.</span> <span class='ocrx_word' id='word_1_6' title='bbox 708 785 762 852; x_wconf 84' lang='lat' dir='ltr'>llis</span> <span class='ocrx_word' id='word_1_7' title='bbox 780 787 866 852; x_wconf 86' lang='lat' dir='ltr'>enim</span> <span class='ocrx_word' id='word_1_8' title='bbox 882 785 1122 852; x_wconf 87' lang='lat' dir='ltr'>conditionibus</span> <span class='ocrx_word' id='word_1_9' title='bbox 1136 791 1263 876; x_wconf 87' lang='lat' dir='ltr'>positis,</span> <span class='ocrx_word' id='word_1_10' title='bbox 1276 795 1303 858; x_wconf 85' lang='lat' dir='ltr'>l.</span> 
     </span>
     <span class='ocr_line' id='line_1_3' title="bbox 325 889 1310 978; baseline 0.001 -18"><span class='ocrx_word' id='word_1_11' title='bbox 325 891 488 960; x_wconf 83' lang='lat' dir='ltr'>silentium</span> <span class='ocrx_word' id='word_1_12' title='bbox 510 889 680 978; x_wconf 72' lang='lat' dir='ltr'>aequivalet</span> <span class='ocrx_word' id='word_1_13' title='bbox 703 889 888 958; x_wconf 86' lang='lat' dir='ltr'>testimonio</span> <span class='ocrx_word' id='word_1_14' title='bbox 912 889 1074 976; x_wconf 82' lang='lat' dir='ltr'>positit03</span> <span class='ocrx_word' id='word_1_15' title='bbox 1105 901 1200 957; x_wconf 81' lang='lat' dir='ltr'>certo</span> <span class='ocrx_word' id='word_1_16' title='bbox 1230 898 1310 960; x_wconf 86' lang='lat' dir='ltr'>enim</span> 
     </span>
     <span class='ocr_line' id='line_1_4' title="bbox 326 993 1315 1079; baseline 0.003 -14"><span class='ocrx_word' id='word_1_17' title='bbox 326 998 554 1065; x_wconf 79' lang='lat' dir='ltr'>reclamassent</span> <span class='ocrx_word' id='word_1_18' title='bbox 569 1007 665 1066; x_wconf 82' lang='lat' dir='ltr'>testes</span> <span class='ocrx_word' id='word_1_19' title='bbox 680 995 832 1079; x_wconf 78' lang='lat' dir='ltr'>negativi,</span> <span class='ocrx_word' id='word_1_20' title='bbox 845 995 873 1060; x_wconf 87' lang='lat' dir='ltr'>si</span> <span class='ocrx_word' id='word_1_21' title='bbox 890 995 1002 1062; x_wconf 88' lang='lat' dir='ltr'>ialsam</span> <span class='ocrx_word' id='word_1_22' title='bbox 1015 993 1214 1065; x_wconf 77' lang='lat' dir='ltr'><strong>habuissent</strong></span> <span class='ocrx_word' id='word_1_23' title='bbox 1230 1001 1315 1068; x_wconf 87' lang='lat' dir='ltr'>aihr·</span> 
     </span>
     <span class='ocr_line' id='line_1_5' title="bbox 326 1100 1319 1189; baseline 0.004 -19"><span class='ocrx_word' id='word_1_24' title='bbox 326 1105 501 1174; x_wconf 86' lang='lat' dir='ltr'>mationem</span> <span class='ocrx_word' id='word_1_25' title='bbox 521 1103 652 1171; x_wconf 85' lang='lat' dir='ltr'>testium</span> <span class='ocrx_word' id='word_1_26' title='bbox 669 1102 901 1189; x_wconf 71' lang='lat' dir='ltr'>positit&#39;orum3</span> <span class='ocrx_word' id='word_1_27' title='bbox 920 1100 955 1164; x_wconf 67' lang='lat' dir='ltr'>d.</span> <span class='ocrx_word' id='word_1_28' title='bbox 978 1114 1104 1166; x_wconf 80' lang='lat' dir='ltr'>constat</span> <span class='ocrx_word' id='word_1_29' title='bbox 1121 1102 1166 1170; x_wconf 88' lang='lat' dir='ltr'>de</span> <span class='ocrx_word' id='word_1_30' title='bbox 1185 1105 1319 1174; x_wconf 74' lang='lat' dir='ltr'>coniic-</span> 
     </span>
     <span class='ocr_line' id='line_1_6' title="bbox 325 1205 1321 1286; baseline 0.005 -11"><span class='ocrx_word' id='word_1_31' title='bbox 325 1212 414 1276; x_wconf 88' lang='lat' dir='ltr'>tlone</span> <span class='ocrx_word' id='word_1_32' title='bbox 436 1209 578 1286; x_wconf 88' lang='lat' dir='ltr'>testium,</span> <span class='ocrx_word' id='word_1_33' title='bbox 608 1208 651 1273; x_wconf 92' lang='lat' dir='ltr'>oh</span> <span class='ocrx_word' id='word_1_34' title='bbox 674 1207 825 1274; x_wconf 85' lang='lat' dir='ltr'>eamdem</span> <span class='ocrx_word' id='word_1_35' title='bbox 853 1207 1031 1286; x_wconf 80' lang='lat' dir='ltr'>rationem3</span> <span class='ocrx_word' id='word_1_36' title='bbox 1062 1205 1094 1272; x_wconf 80' lang='lat'>5.</span> <span class='ocrx_word' id='word_1_37' title='bbox 1118 1221 1257 1278; x_wconf 83' lang='lat' dir='ltr'>constat</span> <span class='ocrx_word' id='word_1_38' title='bbox 1280 1217 1321 1280; x_wconf 87' lang='lat' dir='ltr'>de</span> 
     </span>
    </p>

    <p class='ocr_par' dir='ltr' id='par_1_2' title="bbox 285 1312 1331 1722">
     <span class='ocr_line' id='line_1_7' title="bbox 285 1312 1318 1405; baseline 0.003 -24"><span class='ocrx_word' id='word_1_39' title='bbox 285 1395 292 1405; x_wconf 25' lang='grc' dir='ltr'><em>Ι</em></span> <span class='ocrx_word' id='word_1_40' title='bbox 326 1316 525 1400; x_wconf 72' lang='lat' dir='ltr'>legitimitate</span> <span class='ocrx_word' id='word_1_41' title='bbox 541 1312 772 1389; x_wconf 78' lang='lat' dir='ltr'>convictionis3</span> <span class='ocrx_word' id='word_1_42' title='bbox 797 1312 1010 1398; x_wconf 77' lang='lat' dir='ltr'>supponimus</span> <span class='ocrx_word' id='word_1_43' title='bbox 1032 1313 1120 1379; x_wconf 87' lang='lat' dir='ltr'>enim</span> <span class='ocrx_word' id='word_1_44' title='bbox 1139 1315 1318 1403; x_wconf 82' lang='lat' dir='ltr'>objectum</span> 
     </span>
     <span class='ocr_line' id='line_1_8' title="bbox 326 1416 1331 1508; baseline 0.001 -21"><span class='ocrx_word' id='word_1_45' title='bbox 326 1421 500 1488; x_wconf 88' lang='lat' dir='ltr'>testimonii</span> <span class='ocrx_word' id='word_1_46' title='bbox 525 1421 667 1508; x_wconf 82' lang='lat' dir='ltr'>potuisse</span> <span class='ocrx_word' id='word_1_47' title='bbox 697 1423 715 1486; x_wconf 77' lang='lat' dir='ltr'>a</span> <span class='ocrx_word' id='word_1_48' title='bbox 742 1416 877 1484; x_wconf 85' lang='lat' dir='ltr'>testibus</span> <span class='ocrx_word' id='word_1_49' title='bbox 908 1417 1062 1500; x_wconf 83' lang='lat' dir='ltr'>negativis</span> <span class='ocrx_word' id='word_1_50' title='bbox 1087 1420 1271 1502; x_wconf 81' lang='lat' dir='ltr'>verificari,</span> <span class='ocrx_word' id='word_1_51' title='bbox 1291 1433 1331 1489; x_wconf 89' lang='lat' dir='ltr'>et·</span> 
     </span>
     <span class='ocr_line' id='line_1_9' title="bbox 327 1521 1318 1615; baseline -0.003 -19"><span class='ocrx_word' id='word_1_52' title='bbox 327 1529 489 1615; x_wconf 81' lang='lat' dir='ltr'>objectam</span> <span class='ocrx_word' id='word_1_53' title='bbox 499 1525 598 1595; x_wconf 86' lang='lat' dir='ltr'>luisse</span> <span class='ocrx_word' id='word_1_54' title='bbox 609 1527 728 1592; x_wconf 75' lang='lat' dir='ltr'>attente</span> <span class='ocrx_word' id='word_1_55' title='bbox 742 1521 959 1599; x_wconf 85' lang='lat' dir='ltr'>observatum,</span> <span class='ocrx_word' id='word_1_56' title='bbox 979 1527 1053 1588; x_wconf 82' lang='lat' dir='ltr'>eiam</span> <span class='ocrx_word' id='word_1_57' title='bbox 1069 1528 1270 1611; x_wconf 89' lang='lat' dir='ltr'>oppositum</span> <span class='ocrx_word' id='word_1_58' title='bbox 1280 1531 1318 1595; x_wconf 87' lang='lat' dir='ltr'>sit</span> 
     </span>
     <span class='ocr_line' id='line_1_10' title="bbox 326 1631 825 1722; baseline -0.014 -20"><span class='ocrx_word' id='word_1_59' title='bbox 326 1633 521 1722; x_wconf 81' lang='lat' dir='ltr'>praejudiciis</span> <span class='ocrx_word' id='word_1_60' title='bbox 543 1641 575 1699; x_wconf 90' lang='lat' dir='ltr'>et</span> <span class='ocrx_word' id='word_1_61' title='bbox 585 1631 825 1719; x_wconf 86' lang='lat' dir='ltr'>cupiditatibus.</span> 
     </span>
    </p>

    <p class='ocr_par' dir='ltr' id='par_1_3' title="bbox 327 1736 1315 2140">
     <span class='ocr_line' id='line_1_11' title="bbox 371 1736 1315 1830; baseline 0.003 -25"><span class='ocrx_word' id='word_1_62' title='bbox 371 1741 409 1805; x_wconf 61' lang='lat'>2⁰</span> <span class='ocrx_word' id='word_1_63' title='bbox 434 1739 669 1806; x_wconf 77' lang='lat' dir='ltr'>Testimonium</span> <span class='ocrx_word' id='word_1_64' title='bbox 702 1736 880 1803; x_wconf 88' lang='lat' dir='ltr'>modiatam</span> <span class='ocrx_word' id='word_1_65' title='bbox 917 1737 1085 1802; x_wconf 79' lang='lat' dir='ltr'>transmitti</span> <span class='ocrx_word' id='word_1_66' title='bbox 1118 1751 1231 1826; x_wconf 86' lang='lat' dir='ltr'>potest</span> <span class='ocrx_word' id='word_1_67' title='bbox 1259 1763 1315 1830; x_wconf 88' lang='lat' dir='ltr'>per</span> 
     </span>
     <span class='ocr_line' id='line_1_12' title="bbox 327 1842 1314 1931; baseline 0.001 -19"><span class='ocrx_word' id='word_1_68' title='bbox 327 1847 532 1914; x_wconf 72' lang='lat' dir='ltr'>traditionem</span> <span class='ocrx_word' id='word_1_69' title='bbox 544 1844 679 1922; x_wconf 79' lang='lat' dir='ltr'>orclem,</span> <span class='ocrx_word' id='word_1_70' title='bbox 698 1865 756 1931; x_wconf 88' lang='lat' dir='ltr'>per</span> <span class='ocrx_word' id='word_1_71' title='bbox 772 1842 951 1920; x_wconf 79' lang='lat' dir='ltr'>historiam,</span> <span class='ocrx_word' id='word_1_72' title='bbox 964 1854 1085 1929; x_wconf 86' lang='lat' dir='ltr'>autper</span> <span class='ocrx_word' id='word_1_73' title='bbox 1097 1859 1314 1913; x_wconf 83' lang='lat' dir='ltr'>monumenta</span> 
     </span>
     <span class='ocr_line' id='line_1_13' title="bbox 327 1945 1311 2037; baseline -0.002 -19"><span class='ocrx_word' id='word_1_74' title='bbox 327 1953 437 2018; x_wconf 85' lang='lat' dir='ltr'>medio</span> <span class='ocrx_word' id='word_1_75' title='bbox 464 1949 709 2037; x_wconf 73' lang='lat' dir='ltr'>inscriptionum</span> <span class='ocrx_word' id='word_1_76' title='bbox 736 1957 793 2015; x_wconf 89' lang='lat' dir='ltr'>aut</span> <span class='ocrx_word' id='word_1_77' title='bbox 823 1947 994 2014; x_wconf 74' lang='lat' dir='ltr'>traditione</span> <span class='ocrx_word' id='word_1_78' title='bbox 1021 1945 1245 2037; x_wconf 75' lang='lat' dir='ltr'>interpretata.</span> <span class='ocrx_word' id='word_1_79' title='bbox 1276 1954 1311 2017; x_wconf 92' lang='lat' dir='ltr'>ln</span> 
     </span>
     <span class='ocr_line' id='line_1_14' title="bbox 327 2050 1308 2140; baseline 0.006 -23"><span class='ocrx_word' id='word_1_80' title='bbox 327 2053 472 2138; x_wconf 84' lang='lat' dir='ltr'>qualibet</span> <span class='ocrx_word' id='word_1_81' title='bbox 486 2050 668 2140; x_wconf 76' lang='lat' dir='ltr'>hypothesi,</span> <span class='ocrx_word' id='word_1_82' title='bbox 687 2053 846 2120; x_wconf 83' lang='lat' dir='ltr'>certitudo</span> <span class='ocrx_word' id='word_1_83' title='bbox 864 2053 982 2140; x_wconf 83' lang='lat' dir='ltr'>pendet</span> <span class='ocrx_word' id='word_1_84' title='bbox 994 2054 1034 2120; x_wconf 93' lang='lat' dir='ltr'>ah</span> <span class='ocrx_word' id='word_1_85' title='bbox 1052 2056 1308 2135; x_wconf 84' lang='lat' dir='ltr'>authenticitate,</span> 
     </span>
    </p>

    <p class='ocr_par' dir='ltr' id='par_1_4' title="bbox 273 2156 1406 2456">
     <span class='ocr_line' id='line_1_15' title="bbox 273 2156 1308 2246; baseline 0.004 -22"><span class='ocrx_word' id='word_1_86' title='bbox 273 2166 276 2171; x_wconf 82' lang='grc'><strong>“</strong></span> <span class='ocrx_word' id='word_1_87' title='bbox 326 2159 506 2242; x_wconf 77' lang='lat' dir='ltr'>integritate</span> <span class='ocrx_word' id='word_1_88' title='bbox 518 2172 549 2226; x_wconf 87' lang='lat' dir='ltr'>et</span> <span class='ocrx_word' id='word_1_89' title='bbox 563 2156 733 2227; x_wconf 71' lang='lat' dir='ltr'>veracitate</span> <span class='ocrx_word' id='word_1_90' title='bbox 749 2159 935 2228; x_wconf 88' lang='lat' dir='ltr'>testimonii.</span> <span class='ocrx_word' id='word_1_91' title='bbox 949 2157 995 2225; x_wconf 78' lang='lat' dir='ltr'>hd</span> <span class='ocrx_word' id='word_1_92' title='bbox 1012 2161 1213 2246; x_wconf 86' lang='lat' dir='ltr'>probandam</span> <span class='ocrx_word' id='word_1_93' title='bbox 1230 2172 1308 2230; x_wconf 86' lang='lat' dir='ltr'>vero</span> 
     </span>
     <span class='ocr_line' id='line_1_16' title="bbox 326 2259 1406 2352; baseline 0.002 -22"><span class='ocrx_word' id='word_1_94' title='bbox 326 2264 599 2333; x_wconf 77' lang='lat' dir='ltr'>authenticitatem</span> <span class='ocrx_word' id='word_1_95' title='bbox 615 2265 788 2332; x_wconf 88' lang='lat' dir='ltr'>testimonii</span> <span class='ocrx_word' id='word_1_96' title='bbox 799 2259 1305 2352; x_wconf 80' lang='lat' dir='ltr'>perhistoriamautmonumen</span> <span class='ocrx_word' id='word_1_97' title='bbox 1405 2297 1406 2351; x_wconf 57' lang='lat' dir='ltr'>p</span> 
     </span>
     <span class='ocr_line' id='line_1_17' title="bbox 327 2370 1297 2456; baseline -0.001 -22"><span class='ocrx_word' id='word_1_98' title='bbox 327 2383 396 2437; x_wconf 91' lang='lat' dir='ltr'>tum</span> <span class='ocrx_word' id='word_1_99' title='bbox 412 2372 606 2452; x_wconf 81' lang='lat' dir='ltr'>transmissi,</span> <span class='ocrx_word' id='word_1_100' title='bbox 630 2392 695 2437; x_wconf 91' lang='lat' dir='ltr'>non</span> <span class='ocrx_word' id='word_1_101' title='bbox 728 2370 904 2456; x_wconf 86' lang='lat' dir='ltr'>requiritur</span> <span class='ocrx_word' id='word_1_102' title='bbox 924 2374 962 2435; x_wconf 84' lang='lat' dir='ltr'>ui</span> <span class='ocrx_word' id='word_1_103' title='bbox 978 2370 1109 2439; x_wconf 87' lang='lat' dir='ltr'>historia</span> <span class='ocrx_word' id='word_1_104' title='bbox 1135 2386 1165 2437; x_wconf 89' lang='lat' dir='ltr'>et</span> <span class='ocrx_word' id='word_1_105' title='bbox 1182 2390 1297 2436; x_wconf 88' lang='lat' dir='ltr'>monn-</span> 
     </span>
    </p>

    <p class='ocr_par' dir='ltr' id='par_1_5' title="bbox 204 2475 1287 2672">
     <span class='ocr_line' id='line_1_18' title="bbox 204 2475 1287 2556; baseline -0.012 -9"><span class='ocrx_word' id='word_1_106' title='bbox 204 2540 209 2547; x_wconf 94' lang='lat'>.</span> <span class='ocrx_word' id='word_1_107' title='bbox 324 2490 432 2543; x_wconf 87' lang='lat' dir='ltr'>menta</span> <span class='ocrx_word' id='word_1_108' title='bbox 446 2477 508 2556; x_wconf 89' lang='lat' dir='ltr'>sint</span> <span class='ocrx_word' id='word_1_109' title='bbox 523 2478 555 2542; x_wconf 92' lang='lat' dir='ltr'>in</span> <span class='ocrx_word' id='word_1_110' title='bbox 569 2499 604 2544; x_wconf 88' lang='lat' dir='ltr'>se</span> <span class='ocrx_word' id='word_1_111' title='bbox 627 2476 709 2543; x_wconf 88' lang='lat' dir='ltr'>lacto</span> <span class='ocrx_word' id='word_1_112' title='bbox 722 2493 841 2555; x_wconf 75' lang='lat' dir='ltr'>coaeva,</span> <span class='ocrx_word' id='word_1_113' title='bbox 860 2475 1030 2543; x_wconf 83' lang='lat' dir='ltr'>sollicitat</span> <span class='ocrx_word' id='word_1_114' title='bbox 1053 2476 1167 2543; x_wconf 89' lang='lat' dir='ltr'>traditio</span> <span class='ocrx_word' id='word_1_115' title='bbox 1188 2486 1287 2536; x_wconf 84' lang='lat' dir='ltr'>trans-</span> 
     </span>
     <span class='ocr_line' id='line_1_19' title="bbox 326 2579 944 2672; baseline -0.006 -21"><span class='ocrx_word' id='word_1_116' title='bbox 326 2584 492 2672; x_wconf 85' lang='lat' dir='ltr'>missaper</span> <span class='ocrx_word' id='word_1_117' title='bbox 508 2586 566 2652; x_wconf 86' lang='lat' dir='ltr'>ista</span> <span class='ocrx_word' id='word_1_118' title='bbox 580 2584 685 2651; x_wconf 90' lang='lat' dir='ltr'>media</span> <span class='ocrx_word' id='word_1_119' title='bbox 695 2584 736 2651; x_wconf 85' lang='lat' dir='ltr'>sit</span> <span class='ocrx_word' id='word_1_120' title='bbox 749 2579 944 2649; x_wconf 85' lang='lat' dir='ltr'>authentica.</span> 
     </span>
    </p>

    <p class='ocr_par' dir='ltr' id='par_1_6' title="bbox 371 2684 1293 2777">
     <span class='ocr_line' id='line_1_20' title="bbox 371 2684 1293 2777; baseline -0.012 -22"><span class='ocrx_word' id='word_1_121' title='bbox 371 2692 409 2755; x_wconf 79' lang='lat'>5⁰</span> <span class='ocrx_word' id='word_1_122' title='bbox 425 2692 507 2775; x_wconf 83' lang='lat' dir='ltr'>Quae</span> <span class='ocrx_word' id='word_1_123' title='bbox 523 2690 662 2759; x_wconf 84' lang='lat' dir='ltr'>diximus</span> <span class='ocrx_word' id='word_1_124' title='bbox 674 2691 716 2757; x_wconf 89' lang='lat' dir='ltr'>de</span> <span class='ocrx_word' id='word_1_125' title='bbox 728 2689 836 2757; x_wconf 87' lang='lat' dir='ltr'>valore</span> <span class='ocrx_word' id='word_1_126' title='bbox 849 2684 1293 2777; x_wconf 82' lang='lat' dir='ltr'>testimoniiapplieandasant</span> 
     </span>
    </p>

    <p class='ocr_par' dir='ltr' id='par_1_7' title="bbox 325 2791 1397 3623">
     <span class='ocr_line' id='line_1_21' title="bbox 325 2791 1299 2865; baseline -0.009 -3"><span class='ocrx_word' id='word_1_127' title='bbox 325 2800 509 2864; x_wconf 86' lang='lat' dir='ltr'>testimonio</span> <span class='ocrx_word' id='word_1_128' title='bbox 526 2799 677 2865; x_wconf 85' lang='lat' dir='ltr'>historico</span> <span class='ocrx_word' id='word_1_129' title='bbox 701 2806 734 2864; x_wconf 89' lang='lat' dir='ltr'>et</span> <span class='ocrx_word' id='word_1_130' title='bbox 749 2796 930 2863; x_wconf 77' lang='lat' dir='ltr'>doctrinali.</span> <span class='ocrx_word' id='word_1_131' title='bbox 942 2832 988 2847; x_wconf 80' lang='lat'>·-</span> <span class='ocrx_word' id='word_1_132' title='bbox 999 2794 1194 2863; x_wconf 87' lang='lat' dir='ltr'>Testimonio</span> <span class='ocrx_word' id='word_1_133' title='bbox 1205 2791 1299 2857; x_wconf 87' lang='lat' dir='ltr'>histo·</span> 
     </span>
     <span class='ocr_line' id='line_1_22' title="bbox 326 2895 1373 2979; baseline -0.002 -12"><span class='ocrx_word' id='word_1_134' title='bbox 326 2904 392 2968; x_wconf 85' lang='lat' dir='ltr'>rico</span> <span class='ocrx_word' id='word_1_135' title='bbox 408 2904 489 2969; x_wconf 85' lang='lat' dir='ltr'>:hnc</span> <span class='ocrx_word' id='word_1_136' title='bbox 514 2906 645 2971; x_wconf 84' lang='lat' dir='ltr'>evidens</span> <span class='ocrx_word' id='word_1_137' title='bbox 667 2917 726 2968; x_wconf 88' lang='lat' dir='ltr'>est.</span> <span class='ocrx_word' id='word_1_138' title='bbox 740 2895 994 2969; x_wconf 83' lang='lat' dir='ltr'>-Testimoniu</span> <span class='ocrx_word' id='word_1_139' title='bbox 1026 2900 1204 2979; x_wconf 82' lang='lat' dir='ltr'>doctrinali,</span> <span class='ocrx_word' id='word_1_140' title='bbox 1217 2952 1221 2961; x_wconf 41' lang='lat' dir='ltr'>r</span> <span class='ocrx_word' id='word_1_141' title='bbox 1236 2897 1300 2963; x_wconf 83' lang='lat' dir='ltr'>siro</span> <span class='ocrx_word' id='word_1_142' title='bbox 1368 2956 1373 2965; x_wconf 89' lang='lat'><em>.</em></span> 
     </span>
     <span class='ocr_line' id='line_1_23' title="bbox 327 3007 1301 3088; baseline -0.004 -19"><span class='ocrx_word' id='word_1_143' title='bbox 327 3007 522 3085; x_wconf 85' lang='lat' dir='ltr'>immediato,</span> <span class='ocrx_word' id='word_1_144' title='bbox 542 3010 608 3088; x_wconf 80' lang='lat' dir='ltr'>sire</span> <span class='ocrx_word' id='word_1_145' title='bbox 624 3008 778 3071; x_wconf 87' lang='lat' dir='ltr'>mediato.</span> <span class='ocrx_word' id='word_1_146' title='bbox 800 3008 1011 3074; x_wconf 88' lang='lat' dir='ltr'>immediato:</span> <span class='ocrx_word' id='word_1_147' title='bbox 1037 3008 1169 3073; x_wconf 88' lang='lat' dir='ltr'>sienim</span> <span class='ocrx_word' id='word_1_148' title='bbox 1193 3017 1301 3073; x_wconf 86' lang='lat' dir='ltr'>auctor</span> 
     </span>
     <span class='ocr_line' id='line_1_24' title="bbox 326 3110 1303 3199; baseline 0 -26"><span class='ocrx_word' id='word_1_149' title='bbox 326 3112 500 3179; x_wconf 88' lang='lat' dir='ltr'>testimonii</span> <span class='ocrx_word' id='word_1_150' title='bbox 517 3112 693 3179; x_wconf 84' lang='lat' dir='ltr'>immediati</span> <span class='ocrx_word' id='word_1_151' title='bbox 713 3111 754 3175; x_wconf 87' lang='lat' dir='ltr'>sit</span> <span class='ocrx_word' id='word_1_152' title='bbox 769 3110 933 3179; x_wconf 87' lang='lat' dir='ltr'>convietus</span> <span class='ocrx_word' id='word_1_153' title='bbox 948 3114 1091 3199; x_wconf 71' lang='lat' dir='ltr'>legitime</span> <span class='ocrx_word' id='word_1_154' title='bbox 1114 3117 1156 3181; x_wconf 88' lang='lat' dir='ltr'>de</span> <span class='ocrx_word' id='word_1_155' title='bbox 1175 3114 1303 3182; x_wconf 78' lang='lat' dir='ltr'>veritate</span> 
     </span>
     <span class='ocr_line' id='line_1_25' title="bbox 326 3214 1303 3309; baseline -0.001 -27"><span class='ocrx_word' id='word_1_156' title='bbox 326 3235 424 3304; x_wconf 89' lang='lat' dir='ltr'>quam</span> <span class='ocrx_word' id='word_1_157' title='bbox 441 3218 590 3293; x_wconf 86' lang='lat' dir='ltr'>allirmat,</span> <span class='ocrx_word' id='word_1_158' title='bbox 614 3226 699 3280; x_wconf 85' lang='lat' dir='ltr'>certa</span> <span class='ocrx_word' id='word_1_159' title='bbox 716 3215 872 3302; x_wconf 90' lang='lat' dir='ltr'>probatur</span> <span class='ocrx_word' id='word_1_160' title='bbox 897 3222 1013 3287; x_wconf 85' lang='lat' dir='ltr'>veritas</span> <span class='ocrx_word' id='word_1_161' title='bbox 1029 3242 1087 3309; x_wconf 91' lang='lat' dir='ltr'>per</span> <span class='ocrx_word' id='word_1_162' title='bbox 1103 3221 1201 3287; x_wconf 82' lang='lat' dir='ltr'>talem</span> <span class='ocrx_word' id='word_1_163' title='bbox 1226 3214 1303 3286; x_wconf 84' lang='lat' dir='ltr'>affir-</span> 
     </span>
     <span class='ocr_line' id='line_1_26' title="bbox 325 3320 1303 3401; baseline -0.002 -12"><span class='ocrx_word' id='word_1_164' title='bbox 325 3325 513 3389; x_wconf 87' lang='lat' dir='ltr'>mationem.</span> <span class='ocrx_word' id='word_1_165' title='bbox 533 3320 689 3385; x_wconf 79' lang='lat' dir='ltr'>Mediator</span> <span class='ocrx_word' id='word_1_166' title='bbox 715 3324 847 3401; x_wconf 62' lang='lat' dir='ltr'>nam,⁴si</span> <span class='ocrx_word' id='word_1_167' title='bbox 863 3338 987 3391; x_wconf 87' lang='lat' dir='ltr'>constet</span> <span class='ocrx_word' id='word_1_168' title='bbox 1009 3326 1233 3393; x_wconf 80' lang='lat' dir='ltr'>testimonium</span> <span class='ocrx_word' id='word_1_169' title='bbox 1254 3340 1303 3389; x_wconf 86' lang='lat' dir='ltr'>ac-</span> 
     </span>
     <span class='ocr_line' id='line_1_27' title="bbox 325 3422 1397 3518; baseline 0.006 -30"><span class='ocrx_word' id='word_1_170' title='bbox 325 3428 411 3489; x_wconf 88' lang='lat' dir='ltr'>tuale</span> <span class='ocrx_word' id='word_1_171' title='bbox 428 3446 498 3489; x_wconf 85' lang='lat' dir='ltr'>esse</span> <span class='ocrx_word' id='word_1_172' title='bbox 518 3422 751 3509; x_wconf 82' lang='lat' dir='ltr'>authenticum,</span> <span class='ocrx_word' id='word_1_173' title='bbox 778 3431 952 3516; x_wconf 80' lang='lat' dir='ltr'>integrum,</span> <span class='ocrx_word' id='word_1_174' title='bbox 968 3445 1003 3497; x_wconf 76' lang='lat' dir='ltr'>&#39;et</span> <span class='ocrx_word' id='word_1_175' title='bbox 1026 3433 1168 3518; x_wconf 89' lang='lat' dir='ltr'>primum</span> <span class='ocrx_word' id='word_1_176' title='bbox 1193 3445 1303 3499; x_wconf 80' lang='lat' dir='ltr'>testem</span> <span class='ocrx_word' id='word_1_177' title='bbox 1396 3436 1397 3452; x_wconf 66' lang='lat'>¹</span> 
     </span>
     <span class='ocr_line' id='line_1_28' title="bbox 325 3527 1395 3623; baseline 0.015 -32"><span class='ocrx_word' id='word_1_178' title='bbox 325 3528 424 3592; x_wconf 87' lang='lat' dir='ltr'>luisse</span> <span class='ocrx_word' id='word_1_179' title='bbox 448 3527 488 3592; x_wconf 88' lang='lat' dir='ltr'>de</span> <span class='ocrx_word' id='word_1_180' title='bbox 513 3530 643 3598; x_wconf 84' lang='lat' dir='ltr'>veritate</span> <span class='ocrx_word' id='word_1_181' title='bbox 663 3554 759 3621; x_wconf 84' lang='lat' dir='ltr'>quarn</span> <span class='ocrx_word' id='word_1_182' title='bbox 778 3536 916 3603; x_wconf 88' lang='lat' dir='ltr'>allirmat</span> <span class='ocrx_word' id='word_1_183' title='bbox 934 3539 1077 3623; x_wconf 73' lang='lat' dir='ltr'>legitime</span> <span class='ocrx_word' id='word_1_184' title='bbox 1101 3538 1303 3607; x_wconf 38' lang='lat' dir='ltr'>contrieram,</span> <span class='ocrx_word' id='word_1_185' title='bbox 1394 3582 1395 3585; x_wconf 60' lang='lat'><em>=</em></span> 
     </span>
    </p>
   </div>
   <div class='ocr_carea' id='block_1_2' title="bbox 208 3632 1303 3807">
    <p class='ocr_par' dir='ltr' id='par_1_8' title="bbox 208 3632 1303 3807">
     <span class='ocr_line' id='line_1_29' title="bbox 208 3632 1303 3720; baseline 0.002 -21"><span class='ocrx_word' id='word_1_186' title='bbox 208 3713 211 3717; x_wconf 33' lang='grc'>,</span> <span class='ocrx_word' id='word_1_187' title='bbox 325 3652 364 3698; x_wconf 86' lang='lat' dir='ltr'>eo</span> <span class='ocrx_word' id='word_1_188' title='bbox 384 3632 453 3719; x_wconf 87' lang='lat' dir='ltr'>ipso</span> <span class='ocrx_word' id='word_1_189' title='bbox 466 3636 621 3720; x_wconf 87' lang='lat' dir='ltr'>probatur</span> <span class='ocrx_word' id='word_1_190' title='bbox 641 3644 756 3709; x_wconf 85' lang='lat' dir='ltr'>veritas</span> <span class='ocrx_word' id='word_1_191' title='bbox 774 3645 945 3711; x_wconf 88' lang='lat' dir='ltr'>testimonii</span> <span class='ocrx_word' id='word_1_192' title='bbox 971 3644 1104 3711; x_wconf 83' lang='lat' dir='ltr'>actualis</span> <span class='ocrx_word' id='word_1_193' title='bbox 1131 3658 1164 3709; x_wconf 88' lang='lat' dir='ltr'>et</span> <span class='ocrx_word' id='word_1_194' title='bbox 1189 3644 1303 3713; x_wconf 83' lang='lat' dir='ltr'>raritas</span> 
     </span>
     <span class='ocr_line' id='line_1_30' title="bbox 324 3737 490 3807; baseline 0.024 -3"><span class='ocrx_word' id='word_1_195' title='bbox 324 3737 490 3807; x_wconf 84' lang='lat' dir='ltr'>doctrinae.</span> 
     </span>
    </p>
   </div>
   <div class='ocr_carea' id='block_1_3' title="bbox 0 0 1519 4725">
    <p class='ocr_par' dir='ltr' id='par_1_9' title="bbox 0 0 1519 4725">
     <span class='ocr_line' id='line_1_31' title="bbox 0 0 1519 4725; baseline 0 0"><span class='ocrx_word' id='word_1_196' title='bbox 0 0 1519 4725; x_wconf 95' lang='lat' dir='ltr'> </span> 
     </span>
    </p>
   </div>
  </div>
 </body>
</html>
