3025 4725
682 615 859 680 ..⁶28-

337 753 372 819 4⁰
387 753 577 840 «Requiritur
604 763 639 818 ut
665 751 835 819 affirmatio
860 753 1053 820 invincibilis
1070 755 1111 820 de
1128 753 1283 826 realitate

293 853 450 946 objectiva
474 857 521 926 rei
549 856 672 922 orietur
693 875 732 921 cx
760 855 994 922 obseruatione.
1022 857 1097 924 llaec
1120 866 1172 942 est
1194 861 1289 926 enim

292 956 1132 1028 ultimaratincertitudinisitfacultatibusindividuis
1143 975 1292 1028 creatae.

337 1063 375 1127 5⁰
388 1063 533 1130 Tandem
548 1063 588 1141 si,
605 1061 717 1149 positia
734 1060 976 1128 conditionibus
993 1064 1293 1150 praecedentibus,

293 1168 381 1256 quod
406 1167 545 1255 supersit
567 1165 726 1245 dubium,
756 1163 855 1232 homo
882 1165 1027 1234 conserat
1051 1169 1298 1238 testimonium

292 1273 482 1340 facultatum
493 1293 626 1341 suarum
642 1293 717 1338 cum
732 1273 918 1340 testimonio
930 1273 1119 1340 facultatum
1136 1275 1298 1344 aliorum

294 1381 476 1448 hominum.

338 1481 510 1550 Sufficiunt
524 1481 687 1569 praedicta
713 1480 927 1548 conditiones.
950 1479 1005 1548 llis
1031 1484 1118 1550 enim
1151 1487 1294 1572 positis,

271 1596 363 1656 tutu
378 1585 532 1654 affirmari
548 1595 652 1675 potest
679 1588 998 1673 repraesentationem
1017 1609 1126 1656 veram
1157 1591 1295 1678 objecti

193 1763 196 1769 ,
294 1693 388 1762 realis
403 1715 475 1762 esse
498 1714 573 1758 oum
595 1691 754 1777 subjecto,
780 1714 838 1759 seu
868 1701 997 1774 mente,
1021 1695 1289 1774 identificatam
1378 1686 1382 1692 ’

294 1821 391 1887 porro
407 1800 440 1865 in
455 1798 517 1862 hac
526 1795 778 1862 identificatione
790 1797 913 1884 absque
929 1797 1103 1867 formidine
1119 1799 1289 1868 affirmata

295 1908 353 1974 sita
370 1918 418 1972 est
429 1903 588 1970 certitudo
604 1901 774 1987 objectiva.

294 2116 306 2168 ἒ
320 2117 344 2158 t.
357 2115 453 2160 utrum
467 2115 591 2158 venantes
604 2115 741 2166 pnmnrtae
753 2120 893 2228 ¹snnpeetre
914 2117 930 2158 a
944 2113 1118 2162 taenttaulans
1132 2119 1280 2164 lntttvtrtuts

681 2186 734 2228 stnt
765 2186 890 2228 munitet
1279 2201 1281 2204 ·

338 2315 434 2402 Hesp.
465 2315 619 2384 veritates
647 2316 810 2405 primariae
833 2329 993 2403 suggesta
1022 2320 1039 2381 a
1069 2316 1271 2383 facultatibus

295 2422 469 2491 indiuiduis
485 2437 560 2491 sunt
581 2423 740 2490 lecundae.

341 2538 443 2607 Prod.
461 2539 523 2608 uas
539 2539 582 2607 ita
595 2550 652 2617 est,
665 2538 692 2605 si
709 2534 890 2604 intellectus
907 2536 1067 2603 humanus
1085 2533 1129 2598 liis
1144 2530 1254 2618 prinei·

295 2648 355 2735 piis
387 2649 561 2716 instructus
588 2646 689 2737 possit
720 2644 887 2735 acquirere
916 2644 947 2709 in
974 2642 1125 2709 limitibus
1153 2636 1262 2705 rationi

295 2755 447 2823 humanae
476 2756 643 2841 assignatis
670 2754 836 2821 scientiam
863 2749 985 2816 entium
1013 2745 1267 2841 individualium,

294 2860 487 2926 relationum
516 2864 599 2927 inter
635 2882 672 2926 ca
701 2860 925 2937 existentium
952 2856 1119 2923 scientiam
1152 2852 1271 2923 eutium

295 2964 551 3041 collectimmm,
571 2964 855 3028 relationuminter
867 2984 903 3026 ea
920 2962 1125 3027 existentium
1138 2985 1146 3039 ;
1158 2960 1270 3025 ultimo
1415 2964 1416 2969 ’

295 3064 462 3131 scientiam
475 3047 629 3131 universi.

315 3248 318 3252 ἱ
338 3168 445 3256 Atqui,
458 3188 549 3234 meus
559 3179 664 3255 potest
676 3167 844 3251 acquirere
858 3191 866 3233 ε

343 3276 379 3342 1⁰
416 3275 589 3343 Scieutiam
603 3260 607 3266 ⁴
620 3271 744 3336 entium
769 3271 1040 3354 individualium,
1071 3270 1214 3342 scilicet:
1232 3270 1277 3323 -“

296 3385 470 3449 Scientiam
501 3382 569 3443 sul:
597 3378 658 3444 Per
680 3379 909 3449 conscientiam
926 3383 1013 3447 enim
1031 3394 1062 3446 et
1082 3383 1277 3447 memoriam

296 3487 460 3570 cognoscit
475 3484 555 3549 lacta
576 3485 720 3564 interna;
740 3506 798 3573 per
826 3486 982 3553 rationem
999 3484 1183 3553 absolutam
1201 3508 1278 3561 οοη-Ι

296 3590 396 3655 cludit
416 3588 716 3659 substantialitatem
734 3596 796 3672 sui,
819 3614 877 3659 seu
894 3594 1049 3671 animam,
1065 3594 1279 3680 proprietates

296 3695 423 3774 animae,
440 3717 471 3763 v.
483 3716 515 3783 g.
532 3699 699 3778 unitatem,
717 3700 917 3765 identitatem
933 3706 1195 3787 permanentem,
1211 3697 1277 3783 spi·

295 3796 512 3884 ritualitatem,
524 3813 584 3871 ete.
597 3806 821 3879 -Scientiam
833 3802 1022 3891 corporum:
1038 3802 1098 3868 Per
1108 3794 1277 3879 coo'seien7

298 3908 373 3973 tiam
389 3912 553 3997 cognoscit
569 3912 798 3998 impressiones
816 3911 923 3975 incdio
941 3912 1113 4001 corporum
1137 3908 1278 4005 produej
1299 3900 1303 3905 ’
