3025 4725
720 712 920 779 —idl-

334 846 427 915 libris
442 844 562 933 quibus
580 842 693 909 nititur
709 842 790 911 fides
803 840 985 911 Christiana
999 862 1063 909 non
1082 842 1269 930 siluissent,
1287 852 1316 917 vl

335 953 377 1019 de
389 951 521 1019 illorum
539 948 721 1033 integritate
738 970 803 1013 non
814 948 950 1015 luissent
963 948 1112 1016 convicti.

377 1055 414 1119 3⁰
429 1054 595 1121 Affirmant
616 1072 690 1119 eam
703 1052 906 1121 convictione
919 1050 1064 1135 legitima
1077 1076 1084 1117 :
1098 1054 1179 1119 llam
1195 1056 1227 1120 l.
1245 1057 1316 1124 Stat

334 1158 542 1249 praesumptio
568 1157 752 1242 ingratiam
778 1154 988 1224 convictionis
1024 1155 1177 1241 legitimae
1210 1161 1316 1231 donec
1389 1145 1392 1149 ’

335 1264 530 1333 eontrarium
546 1262 773 1331 constet-*2
798 1260 895 1327 Certd
917 1264 1091 1329 constmde
1114 1266 1317 1336 convictione

334 1370 476 1456 legitima
506 1371 646 1435 testium.
666 1366 847 1453 Siquidem,

381 1476 559 1542 Facultates
573 1474 703 1541 testium
713 1492 780 1539 non
796 1485 889 1538 erant
907 1472 1044 1539 vitiatae:
1062 1470 1210 1547 Absurde
1234 1489 1317 1545 esset

334 1580 520 1667 hypothesis
532 1577 703 1649 contraria.

380 1687 510 1753 Factum
523 1686 626 1774 potuit
647 1684 825 1761 observari,
841 1682 872 1749 id
884 1690 943 1762 est,
959 1682 1051 1749 iaeile
1063 1683 1188 1752 detecta
1205 1686 1320 1756 luisset

336 1792 459 1879 quaevis
480 1791 670 1859 adulteratio
691 1788 929 1857 substantialis:
954 1788 1037 1854 Ciam
1059 1791 1148 1855 enim
1176 1790 1254 1860 libri
1276 1796 1316 1862 N.

335 1899 530 1965 Testamenti
547 1904 566 1961 a
581 1896 732 1963 fidelibus
742 1896 942 1961 haberentur
956 1909 990 1961 ut
998 1914 1080 1982 opus
1088 1895 1318 1984 Apostolorum
1430 1906 1433 1921 ‘

335 2015 366 2068 et
390 2000 623 2087 discipulorum
654 1999 791 2078 Christi,
822 2008 857 2065 ut
881 1999 1128 2066 fundamentum
1154 2004 1321 2089 religionis

335 2104 543 2183 Christianam
558 2109 630 2169 eiam
648 2104 778 2191 publiea
791 2106 873 2171 intra
888 2118 989 2171 coetus
1003 2107 1153 2173 Ecclesiae
1174 2109 1323 2195 legeren-

334 2210 739 2295 tur3ci1mSoripturarum
750 2212 858 2277 studio
869 2213 1323 2283 continuodoctoresineum·

335 2316 462 2395 herent,
482 2337 519 2392 ec
535 2317 575 2384 de
585 2316 647 2382 illis
664 2316 730 2384 sive
751 2338 826 2385 eunt
843 2319 975 2406 paganis
990 2368 999 2399 ,
1013 2320 1079 2385 sive
1095 2340 1168 2386 eum
1186 2320 1320 2388 haereti·

336 2425 382 2494 cis
397 2424 630 2510 disceptarent,
653 2423 891 2510 Scripturarum
912 2425 1103 2512 exemplaria
1128 2428 1315 2490 necessario

334 2533 368 2598 in
390 2532 567 2598 multorum
596 2531 746 2596 manibus
777 2531 1011 2611 versabantur,
1041 2551 1075 2595 ac
1098 2527 1241 2592 doctrina
1275 2537 1310 2592 et

334 2639 416 2708 laeta
433 2641 470 2707 N.
495 2638 690 2704 Testamenti
722 2637 868 2704 omnium
896 2638 1051 2704 memorial
1074 2631 1309 2704 retinebantur.

332 2747 516 2827 Proindd,si
526 2746 675 2832 quaedam
686 2744 876 2810 adulteratio
886 2736 1320 2830 irrepsisset,facillimeiuis·

335 2855 513 2920 setdeteeta
528 2854 595 2920 sive
606 2858 625 2916 a
638 2851 845 2928 Christianis,
856 2851 924 2916 sive
934 2851 1096 2915 aheorum
1112 2847 1315 2912 adversariis.

330 3011 332 3018 ,
380 2957 511 3020 Factum
529 2955 589 3020 luit
606 2965 725 3020 attente
741 2958 965 3022 observatum:
983 2955 1062 3022 Nam
1082 2955 1113 3018 l.
1132 2954 1267 3019 Factum
1280 2955 1320 3019 de

334 3079 401 3143 quo
417 3059 521 3140 agitur
537 3060 667 3125 maximi
687 3063 926 3127 eratmomenti
943 3067 1011 3126 tum
1030 3059 1217 3138 Catholicis,
1247 3063 1319 3125 liam

336 3182 449 3228 eorum
462 3162 665 3228 adversariis.
678 3198 724 3212 —-
733 3165 767 3230 ἢ.
781 3165 963 3232 Catholioos
976 3166 1063 3232 omni
1086 3173 1231 3252 tempore
1251 3164 1319 3228 sin·

335 3269 480 3356 gularem
498 3269 564 3338 suis
581 3267 671 3334 libris
688 3270 872 3338 exhibuisse
884 3273 1109 3349 reverentiam,
1129 3291 1167 3336 ac
1180 3269 1320 3358 proinde
1420 3272 1421 3297 ¹

336 3397 449 3442 eorum
466 3374 638 3458 integritati
663 3381 870 3463 summopere
894 3376 1092 3460 iuvo'gildsse,
1107 3395 1148 3440 ex
1170 3373 1321 3460 pluribus

246 3541 250 3548 .
337 3501 374 3545 ae
394 3481 575 3564 specialiter
598 3503 635 3546 ex
656 3482 868 3568 sequentihus
883 3481 973 3549 lactis
999 3487 1142 3558 constat:
1161 3480 1322 3545 Saeviente

335 3583 425 3649 Decii
445 3594 477 3646 et
503 3583 693 3654 Diocletiani
719 3589 966 3676 persecutione,
993 3590 1069 3654 edm
1098 3586 1324 3669 cruciarentur
1415 3606 1417 3651 t

336 3688 506 3754 Christiani
518 3702 553 3754 ut
565 3691 593 3755 vi
611 3704 847 3760 tormentorum
863 3694 1105 3760 adducerentur
1124 3691 1165 3755 ad
1191 3691 1327 3756 traden-

335 3795 415 3861 dum
441 3794 541 3862 libros
564 3817 671 3864 saeros
694 3820 789 3884 quos,
809 3808 843 3869 ut
857 3797 1124 3887 aichautpagani,
1137 3797 1322 3860 odorantes
1413 3836 1414 3859 t

335 3900 492 3985 legebant,
504 3903 635 4022 plurimi
653 3912 807 3990 martyres
823 3903 1116 3979 maluerunlmori,
1132 3906 1233 3986 quiam
1252 3899 1330 3964 illos
1411 3920 1413 3985 t

223 4017 229 4026 ⁴
335 4007 485 4086 tradere;
503 4021 535 4072 et
550 4009 606 4092 qui
619 4021 707 4075 metu
720 4020 958 4080 tormentorum
974 4013 1049 4081 victi
1064 4007 1166 4075 libros
1180 4005 1332 4072 tradide-
1411 3988 1412 4055 l
