3025 4725
619 398 747 465 ...101
775 383 819 446 4

228 540 411 621 difficilem,
435 549 499 628 qut
521 541 672 627 permulti
692 536 942 604 luissentamoti
962 539 1152 604 necessitate
1168 540 1215 604 rei

225 648 408 725 familiaris,
425 647 564 735 pigritie,
584 657 662 723 etc.;
682 646 755 730 quia
774 642 807 709 5.
822 664 881 731 per
897 641 979 709 illud
999 645 1142 709 medium
1156 645 1214 709 ho-

222 757 334 822 mines
351 775 416 819 non
434 753 496 836 nisi
513 764 585 838 post
599 751 733 835 longum
747 763 874 835 tempus
890 749 1037 814 veritates
1053 749 1217 832 religiosas
1273 788 1277 793 -

221 862 383 943 detegere
399 858 590 945 potuissent,
604 856 742 943 proinde
760 856 908 919 homines
924 854 1074 942 primitivi
1088 855 1215 939 religio·

106 998 108 1017 ·
220 968 275 1032 nis
290 960 478 1049 cognitione
491 962 604 1050 privati
616 961 764 1026 luissent.
776 961 845 1026 Non
855 974 939 1025 esset
951 961 1215 1047 medium'quobtl

218 1072 405 1159 plerasque
417 1069 565 1135 veritates
582 1060 706 1150 certum
728 1089 735 1129 :
755 1066 822 1131 lloc
837 1078 961 1132 constat
978 1066 1147 1133 hominum
1164 1087 1214 1131 er-

106 1174 108 1187 ’
219 1176 362 1243 roribus
376 1187 408 1239 et
423 1172 731 1241 contradictionibus
748 1170 1017 1261 philosophorum
1033 1172 1117 1239 eirea
1133 1171 1219 1239 veri«

106 1300 108 1371 ζ
218 1294 308 1347 tates
326 1279 429 1367 ipsius
447 1276 609 1371 religionis
622 1275 794 1345 naturalis.

626 1470 828 1491 ‘'fl-*m*-

383 1589 385 1597 “
499 1592 502 1595 ’
554 1596 816 1681 ‘rnorosrrro
835 1605 883 1673 n..

412 1810 519 1851 nneroro
528 1800 647 1852 'nosulae
660 1808 722 1849 rurr
736 1807 874 1850 nrvrrurus
888 1805 1043 1850 nnvnmrr..

677 1960 770 1979 'm

601 2078 854 2156 enrnutrrnuoa„

273 2237 357 2302 Ciun
377 2224 531 2329 divinitas
538 2232 700 2317 religionis
713 2235 858 2301 llosa'ieae
871 2234 1051 2321 specialiter
1062 2234 1215 2321 probetur

238 2361 287 2429 per
302 2338 493 2430 prophetias
507 2351 537 2403 et
557 2338 709 2406 miracula
728 2341 760 2406 in
777 2342 814 2408 V.
830 2340 1035 2406 Testamento
1048 2359 1085 2403 ae
1102 2338 1214 2423 pracei-

244 2443 298 2518 pue
309 2444 340 2506 in
353 2438 573 2507 Pentateucho
587 2439 683 2504 relata
698 2463 706 2518 ;
724 2442 756 2505 in
770 2453 973 2505 antecessum
991 2437 1156 2522 probanda
1168 2444 1217 2499 est

253 2537 441 2612 lentateuehi
477 2553 736 2631 caeterorumque
761 2545 802 2614 V.
833 2541 1029 2622 Testamenti
1056 2539 1215 2608 librorum

261 2650 408 2716 auctoritas
422 2651 585 2720 historica.
604 2651 708 2728 Unde,

623 2884 782 2932 nnrreutus
798 2887 820 2929 1.

327 3017 527 3090 Pentateu'enus
540 3046 621 3090 nubet
635 3047 826 3091 eumarum
839 3047 997 3092 trtemrtenrn
1012 3052 1136 3091 certene.

278 3185 344 3250 Sub
366 3189 499 3254 nomine
511 3187 719 3256 Pentateoehi
732 3192 1054 3280 comprehenduntur
1073 3188 1223 3276 quinque¹
1251 3214 1255 3218 ⁴

236 3283 356 3356 Veteris
368 3291 566 3360 Testamenti
579 3295 652 3362 libri
666 3297 763 3382 Moysi
776 3297 939 3382 assignati,
958 3295 1078 3362 seilicet
1094 3319 1101 3359 :
1120 3292 1220 3363 Gene-

234 3391 286 3473 sis,
304 3397 449 3479 Exotlus,
468 3401 638 3481 beriticus,
654 3401 799 3482 Numeri,
817 3403 1164 3469 etDeutcronomium.

276 3499 309 3565 ln
325 3505 550 3592 propositione
566 3507 682 3574 actuali
698 3507 897 3575 affirmamus
911 3513 1037 3575 tantiam
1053 3508 1218 3576 veritatem

233 3597 427 3674 historicam
440 3610 667 3693 l‘entateuohi;
687 3628 830 3683 tacemus
847 3634 924 3699 ergo
938 3615 978 3681 de
995 3615 1217 3703 inspiratione,

234 3706 273 3774 de
290 3714 502 3798 revelatione,
522 3721 562 3786 de
575 3721 707 3786 veritate
724 3721 906 3805 dogmatica
917 3721 1076 3787 librorum
1090 3719 1215 3804 Moysis.
1270 3806 1273 3815 .
