3025 4725
719 476 920 542 -108—

327 620 525 706 petritarum,
540 615 625 683 elate
641 614 866 700 significabant
877 612 1063 683 interiectos
1084 616 1184 683 tuisse
1194 620 1297 708 AEgyp-

328 727 447 793 tiorum
465 722 706 811 primogenitos,
730 720 888 808 populum
899 719 998 787 Isratit
1015 720 1057 787 ab
1069 722 1129 787 istd
1142 724 1236 811 plaga
1250 728 1302 793 im-

328 850 461 901 munem
478 826 648 915 reliquisse
663 828 834 916 AEgyptutn
850 828 925 896 eum
942 826 1158 895 festinatione.
1177 832 1308 899 Tabula

329 937 408 1023 legis
433 936 465 1002 in
490 941 564 1002 uret
580 946 714 1002 servatae
728 954 832 1019 usque
848 933 888 998 ad
907 933 1122 1020 captivitatem
1138 936 1312 1025 Babylonis

253 1094 256 1101 .
329 1064 381 1111 res
405 1043 444 1109 ad
464 1053 605 1109 montem
640 1040 726 1108 Sinai
742 1051 850 1125 gestas
880 1039 1127 1107 confirmabant.
1144 1043 1312 1114 vMensura

330 1166 456 1215 mennae
469 1148 501 1213 in
518 1153 592 1213 ared
609 1144 746 1233 reposita
760 1143 916 1233 populum
930 1145 1005 1210 eibo
1016 1146 1058 1211 de
1078 1145 1161 1212 eaelo
1177 1150 1331 1242 delapso

329 1272 387 1342 per
411 1253 622 1341 quadraginta
649 1271 750 1317 annos
774 1248 886 1315 alitum
909 1250 1010 1317 inisse
1035 1252 1187 1319 docebat.
1223 1258 1311 1342 Virga

328 1360 433 1423 Aaron
461 1356 572 1425 induta
597 1356 681 1426 soliis
708 1368 739 1423 et
755 1355 876 1421 ibidem
894 1356 1033 1443 reposita
1050 1356 1312 1429 confirmatumi

329 1464 399 1531 Deo
416 1462 632 1531 sacerdotium
653 1462 770 1529 Arroni
797 1462 934 1549 ejusque
950 1464 1087 1549 posteris
1101 1469 1309 1535 ostendebat.

329 1568 469 1636 Laminas
479 1590 587 1637 aureae
596 1568 686 1635 altari
696 1566 799 1635 affixae
809 1567 976 1633 levitarum
990 1588 1065 1635 eum
1076 1569 1171 1651 Core,
1183 1574 1310 1643 Dathan

330 1688 361 1743 et
376 1675 495 1742 dhiron
504 1674 732 1745 rebellantium
747 1674 914 1741 interitum
927 1675 1151 1760 designabant.
1170 1682 1310 1769 Serpens

329 1798 462 1858 teneus,
479 1780 535 1865 qui
555 1790 700 1846 servatus
724 1786 895 1866 estusque
918 1779 958 1845 ad
975 1781 1120 1849 Eaeehiae
1148 1796 1307 1875 tempora,

328 1885 425 1949 aliam
447 1884 790 1975 partemPentateuehi
807 1884 1030 1953 confirmabat.
1050 1888 1312 1959 Unoverboom·
1364 1972 1368 1982 ι

329 1989 381 2055 nia
409 1987 490 2053 taeta
513 1988 546 2055 in
569 1989 787 2057 Pentateucho
813 1990 911 2057 relata
942 1991 992 2058 rid
1018 2010 1306 2064 monumentorum

330 2093 641 2163 transmittebantur.
660 2096 759 2163 Porro
779 2093 967 2163 iseiliimum
983 2112 1031 2164 est
1047 2100 1196 2186 detegere
1213 2104 1305 2169 adnl-

330 2198 518 2267 terationem
538 2201 611 2269 libri
627 2200 721 2290 eujus
737 2201 819 2268 saeta
834 2203 963 2269 suntab
982 2205 1133 2272 omnibus
1149 2207 1297 2274 memhris

330 2306 467 2381 nationis
483 2328 665 2378 numerosae
681 2308 861 2389 notissima,
879 2322 915 2376 ut
929 2310 1121 2379 evidensest.
1262 2381 1265 2384 ,

374 2414 408 2481 5.
422 2415 553 2483 Fuetum
569 2415 761 2502 integritatis
782 2415 841 2481 iuit
856 2419 975 2482 attente
992 2417 1178 2484 obseruatum
1197 2418 1215 2476 a
1234 2413 1286 2476 iu·

329 2522 407 2590 deeis
423 2536 454 2589 et
467 2521 693 2591 samaritanis:
720 2521 782 2588 Res
800 2521 843 2587 ita
859 2533 919 2600 est,
937 2522 965 2588 si
981 2521 1104 2590 Hebraei
1117 2519 1229 2584 attente
1243 2518 1294 2582 in·

169 2639 170 2642 ’
284 2663 285 2666 =
328 2628 459 2712 vigilare
481 2629 666 2699 debuerunt
690 2641 722 2694 et
749 2627 854 2715 reipsa
879 2626 1301 2711 invigilaverantiibrorum

328 2734 443 2818 Moysis
464 2732 651 2818 integritati.
666 2735 914 2801 -Debuerunt
929 2733 1111 2819 invigilare:
1139 2739 1205 2800 tittn
1226 2733 1303 2820 quia

230 2920 232 2924 Α
329 2837 564 2903 Pentateuettus
582 2850 649 2904 erat
665 2859 746 2924 opus
765 2841 891 2926 Moysis,
911 2859 1009 2926 quem
1023 2841 1177 2908 Israelita
1192 2859 1306 2905 omnes

328 2940 568 3006 veneratissimd
581 2942 728 3010 solebant
740 2946 863 3012 ratione
879 2946 1040 3012 missionis
1051 2948 1121 3033 ejus
1137 2947 1254 3013 divinae
1267 2946 1309 3010 ad

220 3105 222 3112 ,
329 3045 584 3112 constituendam
612 3047 881 3139 dirigendumque
904 3053 1067 3121 nationem
1098 3053 1307 3128 hebraicam

328 3155 396 3220 titm
414 3153 488 3241 quia
505 3143 739 3220 pentateuchus
756 3171 828 3222 erat
839 3158 1086 3227 fondamentum
1103 3156 1313 3242 religioniset

328 3261 486 3328 societatis
502 3259 663 3346 judaieee;
682 3266 752 3330 tiam
761 3264 836 3349 quia
849 3259 1087 3332 Pentateuehus
1099 3271 1119 3328 a
1133 3263 1263 3333 Judaeis
1281 3276 1313 3329 ut

328 3364 410 3430 liber
430 3363 568 3444 divinuS,
589 3387 646 3435 seu
663 3371 680 3434 a
699 3369 768 3435 Deo
785 3369 958 3457 inspiratus
979 3371 1173 3437 habebatur.
1186 3407 1235 3418 -
1252 3371 1313 3436 Re-

208 3507 210 3514 s
327 3470 400 3536 vetit
418 3467 681 3552 ittrigilauerunt:
699 3471 848 3538 Testatur
859 3469 946 3538 enim
957 3473 1049 3540 Philo
1061 3473 1193 3548 iudaeos
1209 3471 1314 3538 fuisse
1407 3464 1408 3469 ’

221 3633 223 3638 ι
259 3641 261 3644 ,
326 3572 389 3656 legi
402 3591 469 3638 suae
486 3571 527 3642 ita
544 3575 701 3655 addi-atos,
722 3591 756 3643 ut
772 3586 909 3644 mortem
930 3578 1166 3667 potitissubite
1183 3576 1314 3642 malue-

327 3678 391 3744 rint
407 3685 504 3765 quam
524 3680 630 3766 legem
646 3702 738 3748 suam
756 3683 943 3768 infringere.
962 3685 1052 3751 idem
1070 3694 1205 3750 testatur
1215 3683 1315 3748 Jose·
1407 3656 1408 3713 ἶ

327 3785 424 3872 pirus,
441 3799 473 3854 et
489 3788 627 3856 fatentur
643 3788 839 3877 Porphyrius
852 3803 883 3856 et
898 3792 1065 3858 Galianus.
1079 3791 1121 3855 Eo
1139 3790 1247 3872 usque
1266 3788 1316 3852 in·
