3025 4725
702 596 906 661 -ttt-
1412 645 1413 674 ἶ

310 740 351 805 itlr
369 748 404 803 nt
425 734 677 824 trausapparere
702 754 768 801 non
786 734 937 823 potuerit,
957 732 1045 821 quod
1063 733 1280 807 difficillimum

306 858 390 911 'trah

353 950 387 1015 l.
417 948 607 1015 Samaritani
636 944 891 1014 Pentateuohum
914 946 955 1013 ab
980 948 1079 1019 mura
1104 952 1284 1018 restitutum

308 1076 375 1122 non
396 1055 593 1143 accepissent
618 1058 637 1117 a
661 1054 782 1120 ludaeis
807 1053 927 1139 quibos
951 1067 1044 1119 erant
1066 1054 1288 1135 infensissimi,

308 1161 446 1249 proinde
469 1158 704 1227 pentateuchus
725 1159 1000 1226 Samaritanorum
1023 1167 1042 1225 a
1071 1161 1290 1231 Pentateucho

309 1269 500 1335 ludaeorum
517 1266 672 1343 dilierret,
691 1264 779 1351 qnod
796 1264 914 1331 falsum
926 1278 986 1331 est.

311 1383 316 1391 “
354 1375 386 1439 u.
406 1372 534 1440 Etiamsi
551 1369 927 1437 EsdrasPentateuchnm
944 1370 1147 1450 restituisset,
1163 1374 1237 1459 ejus
1247 1374 1292 1439 in-

309 1480 437 1567 tegritas
454 1477 631 1547 essentialis
660 1477 842 1543 conservari
857 1476 1039 1563 potuissem
1058 1476 1243 1563 siquidem,
1262 1492 1294 1545 ut

308 1590 404 1674 supra
417 1586 568 1665 diximus,
583 1582 680 1671 hujus
696 1581 957 1648 librisubstantia
970 1581 1004 1646 in
1020 1583 1184 1649 memoria
1197 1586 1293 1651 natio

308 1690 659 1779 nisjudaieoeviuebat.
788 1724 792 1731 ·

353 1799 398 1863 nd
422 1796 501 1861 3¹¹¹⁰=
520 1796 675 1880 Equidem
697 1795 816 1859 adsunt
840 1794 991 1879 quaedam
1015 1794 1186 1862 uarietates
1209 1798 1290 1861 inter
1408 1854 1412 1866 .

308 1887 513 1971 Pentateuahi
531 1898 744 1985 exemplatim
764 1900 820 1965 sed
846 1898 927 1963 nihil
949 1906 1059 1964 eontra
1084 1920 1158 1966 nos.
1182 1902 1288 1989 Siqui-

308 2010 382 2071 dem
395 2007 562 2073 varietates
578 2002 713 2091 objectas
732 2018 807 2070 sunt
833 2007 923 2071 mere
943 2006 1171 2075 accidentales.
1187 2008 1241 2074 Sic
1257 2009 1288 2073 in

308 2112 427 2198 speeie,
453 2110 618 2177 diversitas
642 2109 862 2195 chronologiae
887 2110 1100 2178 substantiam
1127 2112 1285 2179 lautorum

304 2238 369 2283 non
393 2216 500 2284 allisit.
1240 2277 1244 2283 ,

350 2324 395 2392 hd
409 2325 477 2390 4⁰⁸¹:
495 2324 526 2390 l.
541 2324 597 2392 SS.
611 2326 793 2394 Patresnon
806 2326 1099 2396 aeuusaotludaaos
1110 2326 1277 2414 quad-ante
1411 2412 1412 2415 Ἴ

305 2431 467 2500 Christum
482 2453 591 2500 sauros
607 2434 735 2501 codices
752 2433 951 2501 violaverint.
962 2436 1056 2499 -2
1071 2427 1268 2512 interpolatio
1411 2428 1412 2509 l

302 2544 321 2606 h
338 2541 484 2610 Patribus
495 2539 616 2608 ludaeis
633 2537 759 2628 objecta
775 2538 1065 2627 interpretationum
1079 2529 1198 2620 respicit
1208 2546 1264 2615 po·

303 2649 480 2737 nusquam
503 2654 636 2718 textum.
656 2648 707 2714 Sin
722 2648 868 2712 lustinus
884 2645 940 2727 tl),
960 2646 993 2712 id
1009 2643 1111 2712 solam
1130 2653 1268 2722 nonque·

304 2739 1277 2842 ritsnqnodLXXinterpretesScriptusamreoteinterpretati

304 2863 435 2940 luerint,
452 2863 557 2930 ludaei
580 2871 657 2930 vero
674 2863 767 2928 aliter
779 2861 999 2946 interpretari
1013 2858 1277 2944 aggredeientnr.

302 3001 345 3014 -
357 2965 390 3028 5.
404 2967 437 3028 Si
454 2968 510 3030 SS.
530 2969 638 3032 Patres
663 2967 795 3033 ludaeos
813 2973 1007 3033 aoouaarunt
1025 2965 1169 3051 aliquam
1182 2963 1281 3027 inter·

293 3069 495 3157 'polationem
506 3079 655 3149 tentasse,
675 3071 737 3136 hoa
749 3073 878 3159 respicit
891 3073 1016 3140 tantum
1029 3091 1130 3137 unam
1143 3081 1200 3136 aut
1210 3066 1283 3134 alte
1409 3090 1410 3125 t

300 3195 369 3242 ram
380 3190 505 3254 uocem,
522 3176 573 3242 uel
587 3178 627 3242 ad
644 3177 810 3242 summum
823 3177 1144 3265 paucosversioulas.
1161 3219 1165 3224 -

298 3287 301 3292 '
344 3283 464 3352 Dicunt
482 3281 547 3346 5⁰:
565 3273 803 3350 pentateuchus
815 3305 881 3351 non
896 3297 944 3352 ast
956 3303 1071 3352 oerum
1090 3280 1196 3368 liujus
1212 3278 1287 3346 libri

222 3441 225 3448 .
300 3391 506 3456 ieiunitatem
522 3387 729 3474 impugnant
747 3391 923 3458 adversarii
940 3391 1050 3459 multis
1078 3386 1283 3460 rationibus,

299 3513 437 3580 quarum
455 3491 605 3559 refutatio
622 3493 728 3582 potius
750 3497 890 3584 pertinet
904 3499 946 3563 ad
961 3497 1154 3606 interpretps
1174 3491 1289 3576 Scrip-

301 3613 383 3665 turea
414 3601 512 3684 quarn
543 3602 583 3668 ad
611 3599 793 3687 theologos.
823 3603 990 3686 Quasdam
1014 3603 1140 3668 tantiam
1169 3595 1285 3664 reteri-

234 3729 238 3736 ’
293 3723 385 3772 mus.

212 3943 220 4008 j
316 3903 472 3996 hammus.
487 3930 562 3982 illut.
578 3942 636 3982 rasin
657 3932 829 3994 Troianam.
848 3933 892 3980 rt.
