3025 4725
705 610 876 680 -tt-

301 767 362 824 test
376 749 665 821 manifestationem
681 750 822 816 divinam
835 747 1089 846 excipere.-2⁰
1105 745 1211 818 Homo
1226 769 1280 840 po·

300 873 363 931 test
375 857 583 944 cogitationes
599 876 674 924 suas
686 856 756 922 aliis
766 852 1190 933 hominibusmanilestare3
1207 876 1285 941 ergo

240 998 244 1002 ·
302 963 456 1035 alostiori
472 963 561 1031 Deus
577 975 683 1053 potest
697 963 847 1035 veritates
863 962 925 1030 sibi
941 963 1085 1050 cognitas
1097 961 1290 1040 hominibus

302 1068 557 1141 communicare.
576 1106 621 1118 -
648 1067 685 1135 5⁰
711 1067 797 1136 lnlrd
821 1067 1033 1156 probabimus
1056 1065 1292 1136 revelationem

303 1177 457 1255 existere,
480 1179 498 1242 a
526 1174 649 1242 fortiori
666 1173 830 1263 possibilis
852 1185 911 1240 est.
924 1174 1019 1240 -lt
1037 1173 1159 1245 Omnes
1175 1175 1293 1264 populi

303 1279 505 1351 admisemnt
521 1279 735 1360 existentiam,
753 1282 772 1346 i
793 1276 917 1347 fortiori
933 1277 1178 1368 possibilitatem
1197 1301 1291 1348 reve-

305 1385 447 1456 lationis.

347 1493 457 1560 Potest
472 1491 615 1560 revelare
637 1489 822 1559 immediate
847 1499 903 1556 aut
923 1487 1083 1556 mediate:
1097 1487 1205 1570 (Deus
1227 1489 1292 1568 iire-

304 1599 442 1666 medicte
454 1599 585 1679 revelat,
603 1599 680 1666 edm
696 1595 879 1684 manifestat
894 1585 1060 1664 veritatem
1078 1593 1202 1662 homini
1219 1595 1292 1680 abs-

306 1726 371 1794 que
393 1704 604 1782 intermedi03
625 1703 767 1772 mediate
792 1708 882 1782 vert,
909 1700 935 1766 si
952 1700 1118 1768 veritatem
1139 1700 1293 1770 manifes-

306 1824 403 1879 tatam
418 1831 476 1900 per
490 1809 720 1878 intermedium
736 1807 954 1888 transmittat.)
975 1805 1063 1878 Deus
1081 1819 1186 1894 potest
1199 1827 1290 1874 reve·

306 1917 374 1982 lare
389 1913 594 1982 immediate:
608 1924 695 2000 patet
709 1932 748 1980 ex
759 1919 857 2002 supra
869 1912 1023 1980 dictis.-
1032 1911 1139 2004 Potest
1150 1913 1290 1980 revelare

306 2019 466 2084 mediate:
479 2018 540 2082 Res
555 2017 598 2084 ita
614 2029 674 2098 eet,
693 2018 719 2084 si
736 2018 889 2086 revelatio
906 2018 1092 2088 immediata
1114 2019 1215 2106 possit
1234 2037 1293 2110 per

307 2120 415 2189 media
431 2131 516 2187 certa
540 2121 723 2201 transmitte
738 2142 835 2211 porro
860 2131 965 2211 potest
984 2109 1170 2202 transmitti,
1196 2137 1226 2190 v.
1254 2143 1287 2208 g.

307 2241 366 2318 per
381 2226 601 2295 testimonium
618 2225 800 2308 hominum,
825 2227 917 2316 eujus
946 2228 1171 2320 certitudinem
1192 2213 1289 2316 supra

231 2330 235 2339 '
307 2331 540 2423 probavimus,
561 2355 619 2423 per
642 2335 830 2404 societatem
856 2335 1008 2403 divinius
1039 2333 1210 2401 institutam
1239 2333 1282 2425 ed

307 2439 584 2508 transmittendam
597 2438 918 2525 conservandamque
933 2438 1169 2507 revelationem.
1266 2512 1270 2517 ,

353 2544 461 2610 Potest
474 2544 618 2611 revelare
632 2544 782 2632 dogmata
793 2534 938 2635 et'ollicia
950 2540 1111 2617 naturalia,
1129 2533 1278 2623 mysteria

308 2662 340 2715 et
351 2649 456 2718 officia
467 2651 621 2741 positivus
635 2650 724 2717 Deus
738 2632 950 2737 xenirnpetest
967 2644 1169 2713 manilestare
1182 2639 1288 2709 lierni·

116 2839 118 2842 Ι
310 2755 406 2825 nibus
422 2776 480 2843 per
496 2758 724 2831 revelationem
741 2756 850 2833 omniu
868 2754 1018 2839 dogmata
1036 2765 1070 2819 et
1083 2750 1199 2827 officia,
1216 2764 1293 2843 quae

231 2912 234 2915 .
309 2867 414 2945 potest
440 2845 649 2927 ¹hominibus
679 2861 859 2949 imponere.
893 2894 950 2939 -.-,
969 2857 1063 2945 rltqui
1088 2856 1124 2920 l⁰
1153 2864 1291 2942 potest,

309 2964 378 3025 imo
416 2961 512 3027 debet
548 2966 735 3029 hominibus
764 2966 931 3051 imponere
962 2962 1062 3029 iidem
1106 2962 1291 3047 dogmatum

303 3064 527 3146 naturalium,
558 3069 590 3132 id
618 3076 675 3143 est,
699 3086 774 3152 quae
799 3069 912 3136 rationi
937 3068 1294 3140 accommodantur·-

305 3171 349 3236 '20
365 3170 472 3239 Potest
499 3179 530 3239 et
555 3171 653 3239 debet
676 3172 887 3259 praescribere
915 3174 1019 3253 ollieia
1040 3172 1213 3259 naturalia,
1236 3189 1293 3252 seu

235 3362 240 3365 Ι
312 3293 386 3361 qnae
401 3274 608 3343 deducuntur
623 3294 661 3339 ex
677 3283 792 3361 nature
803 3277 865 3343 Dei
876 3290 907 3345 et
924 3276 1174 3351 numidico-3⁰
1190 3272 1296 3365 Potest

311 3375 638 3466 praescriberelidem
650 3384 891 3469 mysteriorum,
910 3396 941 3449 et
956 3364 1137 3459 veritatum¹
1151 3399 1295 3467 quarum

263 3475 267 3479 ’
312 3484 557 3571 ⁰⁰mpt0henslo
569 3493 700 3575 superat
712 3502 842 3579 captum
857 3474 975 3577 mentis
990 3472 1159 3561 humanm.
1172 3486 1241 3559 Res,
1254 3484 1296 3579 illa

312 3588 421 3666 estsi
437 3588 525 3660 Deus
546 3585 663 3685 multas
683 3607 855 3682 cognoscat
867 3594 1029 3674 veritates,
1048 3612 1124 3680 qum
1144 3599 1298 3679 superant

270 3733 273 3737 ι
312 3703 441 3781 captum
457 3700 573 3766 mentis
582 3687 755 3781 humanae,
775 3703 801 3771 si
821 3700 922 3791 possit
938 3719 1052 3770 earum
1064 3696 1164 3784 iidem
1177 3694 1218 3761 ab
1234 3694 1295 3762 ho-

311 3797 454 3896 minibus
470 3800 612 3888 exigere,
627 3804 726 3871 Porro
743 3804 875 3871 evidens
888 3816 936 3871 est
952 3802 1073 3884 Deum,
1091 3798 1186 3887 cujus
1198 3792 1299 3861 'intet-

311 3902 413 3973 leetus
433 3919 480 3973 est
499 3907 663 3988 infinitus,
693 3910 792 3977 multu
822 3920 1029 4001 cognoscere
1045 3926 1119 3994 qum
1143 3910 1298 3991 superant
