3025 4725
672 724 894 805 ·-tas-

345 877 507 967 Apostoli:
536 878 567 943 t.
587 875 716 945 Candor
743 889 776 943 et
791 876 992 965 simplicitas,
1018 896 1093 964 quaa
1117 879 1151 945 in
1168 899 1283 946 eorum

299 984 399 1053 modo
425 983 588 1051 scribendi
615 982 720 1069 primo
752 983 870 1050 intuitu
891 996 1065 1069 apparent,
1095 984 1285 1072 imposturte

300 1089 519 1177 suspicionem
532 1086 695 1155 refellunt.
714 1087 779 1167 Sic,
803 1086 891 1153 nulla
916 1087 949 1153 in
967 1108 1081 1154 eorum
1106 1089 1198 1156 libris
1215 1090 1284 1157 elo·

298 1193 441 1279 quantine
453 1192 623 1270 affectatio,
639 1191 726 1258 nulla
740 1212 938 1277 eorumquae
964 1206 1095 1259 narrant
1110 1214 1286 1281 exaggera*

300 1298 360 1363 tio.
395 1298 494 1363 Suam
522 1296 583 1383 ipsi
610 1296 771 1361 levitatem
787 1307 819 1361 et
838 1296 1015 1377 invidiam,
1045 1319 1122 1365 suos
1138 1321 1283 1382 errores,

298 1398 421 1487 lapsus,
440 1404 640 1485 caeterosque
668 1397 825 1474 desectus,
841 1410 876 1462 ut
888 1397 997 1476 iidem,
1013 1417 1173 1489 amorem,
1185 1402 1286 1480 alias·

299 1524 364 1591 que
376 1504 506 1573 virtutes
522 1510 615 1591 aeque
632 1514 898 1571 commemorant.
920 1504 959 1569 In
985 1504 1079 1572 variis
1096 1506 1137 1571 de
1163 1508 1286 1575 eodem

298 1608 381 1677 lacto
398 1606 638 1677 narrationibus
665 1628 777 1675 secum
793 1626 940 1694 pugnare
962 1608 1123 1690 videntur,
1149 1612 1287 1699 saepius·-

299 1742 363 1809 que
375 1721 461 1809 apud
478 1741 534 1787 eos
551 1718 839 1807 deprehenduntur
851 1718 1003 1802 obscura,
1017 1739 1092 1805 quae
1102 1722 1214 1789 multis
1226 1724 1285 1790 ob

293 1824 490 1913 jectionibus
514 1844 626 1889 ansam
656 1823 814 1911 praebent,
843 1833 876 1889 et
892 1842 966 1909 qum
990 1822 1031 1888 ab
1055 1823 1133 1911 ipsis
1148 1816 1284 1896 aliunde

296 1928 445 1995 facillimo
462 1930 551 1994 vitari
577 1929 767 2017 potuissent.
796 1928 896 1996 Porro
917 1927 1110 2015 impostores
1131 1932 1175 1998 ita
1195 1942 1283 2001 certe

297 2032 532 2111 conscribunt,
551 2052 610 2099 nec
625 2033 669 2097 ita
679 2031 851 2099 scribendo
868 2032 1017 2121 decipere
1032 2050 1178 2122 possent.
1189 2040 1280 2115 -,ἳ.

296 2138 334 2207 lu
345 2135 570 2229 Apostolorum
592 2136 717 2203 actibus
732 2138 897 2226 etsoriptis
909 2138 1195 2233 elucetsapientia,
1206 2167 1283 2235 qum

295 2241 445 2307 homines
462 2240 585 2308 insanae
602 2242 718 2309 mentis
733 2263 800 2309 non
825 2245 968 2311 denotat.
998 2248 1097 2313 Porro
1114 2260 1237 2330 tamen,
1251 2254 1279 2318 si

296 2346 407 2414 fallere
419 2346 642 2440 intendissent,
661 2347 907 2417 insensatissimi
923 2350 1092 2419 hominum
1109 2353 1213 2421 forent
1228 2357 1275 2420 di·

295 2453 402 2521 cendi.
421 2453 581 2522 Omnibus
598 2455 684 2520 enim
696 2455 823 2523 auxiliis
838 2476 876 2536 aa
898 2458 1015 2524 mediis
1027 2458 1168 2525 humanis
1189 2456 1266 2521 des·

294 2559 397 2642 tituti,
422 2573 457 2630 ut
477 2561 653 2641 sensibilia,
677 2561 806 2650 publica
815 2573 849 2628 et
868 2564 1009 2630 recentia
1024 2559 1263 2651 proposuissent

292 2668 375 2738 iacta
391 2667 625 2749 omnintrlalsa,
645 2668 863 2758 praedictaque
874 2666 969 2750 iacta,
980 2667 1095 2757 quibua
1104 2665 1270 2734 nitebatur

293 2774 406 2860 religio
418 2775 648 2863 cupiditatibus
665 2779 764 2860 quam
776 2772 915 2838 maxima
924 2792 1120 2862 repugnans,
1142 2772 1185 2838 ah
1201 2794 1277 2840 om·

290 2877 389 2948 nibus
411 2879 535 2962 admitti
572 2891 603 2948 et
626 2898 760 2946 assensu
787 2878 913 2946 interno
946 2877 1048 2946 teneri
1071 2878 1251 2946 uoluissent
1265 2903 1285 2958 ;.

177 3056 182 3062 ‚
290 2983 394 3068 quod,
412 2991 561 3066 utpatet,
581 2985 753 3051 maximam
770 2987 803 3050 in
819 2984 899 3073 ipsis
915 2984 1076 3061 insaniam
1098 2985 1271 3072 arguisset.

291 3085 381 3148 ...5‚
398 3083 539 3172 Apostoli
556 3084 734 3154 doctrinam
750 3096 894 3156 sanctam
916 3098 949 3156 et
971 3088 1130 3159 illibatam
1154 3091 1273 3178 praedi·

289 3193 417 3272 aarum,
435 3188 531 3256 vitam
540 3189 774 3260 sanctissimam
789 3206 822 3258 et
841 3195 995 3262 doctriuae
1010 3217 1079 3264 suae
1101 3210 1275 3264 consenta-

289 3306 386 3364 neam
397 3307 544 3384 egerunt,
564 3295 646 3368 aded
663 3308 698 3364 ut
713 3316 754 3366 ne
770 3300 943 3383 minimum
956 3302 1090 3389 quidem
1111 3302 1274 3372 ritiumin

185 3441 199 3452 κ
288 3401 353 3468 illis
380 3405 603 3521 redarguerint
630 3404 791 3476 Ecclesiae
799 3408 908 3475 hostes
929 3407 1151 3475 infensissimi.
1170 3410 1278 3475 Porro

287 3513 411 3585 tamen,
421 3506 454 3572 in
471 3509 729 3580 adversariorum
745 3513 934 3602 hypothesi,
958 3512 1179 3581 scelestissimi
1200 3533 1274 3578 om·-
1430 3415 1433 3610 i

286 3608 380 3674 'nium
393 3608 496 3700 iurent
508 3612 656 3693 dicendi;
676 3623 882 3684 attentassent
897 3618 984 3684 enim
997 3614 1175 3702 homines
1166 3637 1201 3682 ιιι
1220 3636 1278 3682 er»
1431 3627 1433 3702 l

256 3722 258 3730 ’
289 3731 396 3781 rorem
420 3713 581 3800 conjicere
605 3718 688 3788 circa
713 3723 927 3808 religionem,
954 3746 1023 3791 rem
1041 3712 1172 3791 scilicet
1201 3707 1277 3810 prae

285 3815 439 3886 omhibus
459 3821 754 3904 gravissimam.—-
708 3829 806 3892 ——40
823 3830 966 3918 Apostoli
988 3831 1129 3919 amplexi
1144 3840 1273 3894 suntet

287 3923 456 3992 coluerunt
473 3926 651 3997 doctrinam
663 3933 793 4012 Christi,
804 3931 878 4000 licet
896 3936 1126 4023 cupiditatibus
1139 3954 1176 3998 ac
1192 3951 1275 4019 prac-

116 4033 118 4038 ’
284 4023 705 4114 judieiissuisoppnsitam;
718 4032 1271 4210 innumerossusceperuntlabores
