3025 4725
610 622 652 635 -
679 574 742 665 l93
768 624 810 637 -

211 712 620 825 ‘adillumpraedieandurm
638 726 862 805 contumelias,
877 728 1198 817 eruciatus,1nottem

213 830 549 916 deniquesubierunt‚
569 843 603 900 ut
620 828 691 916 ejus
707 832 831 901 ¹veritati
851 811 1072 900 testimonium
1087 837 1199 910 redde

208 950 297 1003 ..tent
317 937 412 1019 Ergo
703 992 706 999 ,
909 985 912 988 -
1177 966 1180 971 ·

259 1039 456 1107 Christiani:
476 1038 507 1106 l
532 1040 734 1114 Testsssunt
749 1043 1025 1114 numerosissimi.
1036 1044 1124 1110 -ι,
1138 1046 1199 1121 Do
1271 1091 1295 1136 3
1325 1097 1327 1099 v

211 1144 332 1210 relictis
357 1144 513 1227 religione
540 1146 677 1211 llusalea
702 1145 750 1211 vel
768 1146 857 1214 uultu
884 1148 1034 1228 deornm,
1060 1150 1199 1235 amplexi
1262 1206 1266 1212 ,

208 1248 484 1315 suntdoetrinam
509 1246 639 1326 Christi,
667 1248 741 1313 lieet
767 1269 805 1313 ex
821 1249 956 1315 adverso
980 1252 1200 1338 pugnantibus
1257 1256 1269 1276 '¹
1427 1311 1429 1317 ,

208 1352 323 1420 multis
351 1348 547 1440 praejudiciis
573 1354 742 1441 oppositis.
768 1355 903 1421 Plurimi
928 1353 1091 1423 tormenta
1113 1360 1198 1445 passi
1311 1388 1322 1408 ν
1426 1353 1429 1438 l

85 1538 86 1543 ἵ
206 1467 289 1523 sunt
305 1456 343 1550 ad
355 1455 626 1542 propugnandam
639 1456 738 1521 tidem
755 1456 962 1523 christianam
997 1458 1079 1542 Ergo

259 1559 515 1628 Christianorum
526 1560 700 1626 adversarii
715 1584 724 1625 :
739 1562 925 1648 Siquidem,
947 1563 1095 1629 admissis
1107 1564 1197 1631 laetis

201 1663 419 1749 evangelicis,
436 1682 498 1730 ,suu
512 1664 704 1731 detrimento
727 1665 877 1731 latebant
891 1685 998 1733 eausae
1017 1668 1195 1735 catholiam.

255 1873 293 1938 5·
303 1895 341 1959 ιι.
357 1872 545 1957 Legitimam
566 1872 665 1939 luisse
680 1872 812 1945 testium
831 1875 1066 1942 conviationem
1082 1874 1198 1964 proba·
1309 1923 1313 1929 -

1411 3467 1426 3635 l

1407 3941 1421 4095 l

204 1995 271 2049 tur
281 1978 481 2064 argumentis
498 1980 591 2045 toties
599 1978 799 2067 jamiallatis,
813 2001 887 2070 quae
901 1980 1018 2049 inloto
1034 1980 1196 2071 praesenti,
1220 2051 1225 2057 ,

207 2086 326 2175 pannis
347 2084 491 2173 mutatis,
507 2084 663 2178 adbibere
675 2084 866 2153 fauillimum
876 2087 949 2156 erit.

253 2274 359 2341 Prob.
376 2274 422 2339 ΙΙ.
439 2272 577 2340 Historia
594 2236 777 2357 evangeliea
793 2295 860 2340 non
875 2276 980 2362 potuit
1003 2275 1083 2382 ab'
1074 2238 1195 2366 tmpus

213 2389 284 2447 tore
294 2378 424 2474 pontici,
441 2387 518 2464 ergo
531 2385 659 2444 summe
674 2394 749 2444 vera
761 2391 821 2445 est

259 2469 328 2547 Non
345 2481 451 2572 potuit
466 2481 506 2547 ab
524 2480 699 2569 impostore
716 2479 843 2563 confici,
857 2466 918 2544 nee
933 2489 1077 2566 tempore
1097 2478 1197 2566 Apus-

226 2582 356 2650 tolorum
361 2604 496 2673 ,neque
513 2583 788 2674 subsequentibus
802 2604 951 2650 aevrs
904 2583 1040 2648 Non
1052 2590 1197 2670 tempore

226 2637 459 2772 -ltpostuldrumz
478 2691 647 2784 Siquidem
658 2711 696 2758 ex
715 2695 780 2756 una
795 2694 885 2777 parte
900 2687 982 2757 lacta
1007 2675 1048 2754 de
1077 2688 1198 2776 quibus

227 2790 377 2874 agebatur
390 2798 542 2868 omnibus
558 2810 650 2865 erant
660 2796 790 2863 maximi
801 2795 955 2863 momenti
967 2819 977 2875 ;
996 2796 1099 2883 posita
1111 2795 1200 2862 euim

224 2915 341 2964 eorum
356 2903 493 2984 veritate,
506 2904 547 2970 ab
564 2903 730 2982 omnibus,
748 2902 959 2982 siveJudaeis,
970 2903 1036 2970 sive
1048 2902 1196 2988 Paganis,

214 3003 419 3092 suscipienda
437 3022 506 3076 erat
520 3009 581 3074 sub
598 3015 692 3097 paena
716 3007 908 3076 infelicitatis
930 3021 1060 3076 aeternae
1080 3008 1198 3092 vreligio

213 3125 308 3192 nora,
327 3113 536 3198 praejudiciis,
556 3113 717 3193 sensibus,
738 3121 770 3179 et
790 3113 1023 3200 cupiditatibus
1047 3113 1196 3195 ,adversm
1291 3148 1294 3151 ·

209 3209 370 3302 labores,¹
390 3237 552 3286 aerumnas
582 3229 614 3284 et
638 3227 753 3296 eruces
776 3218 809 3284 in
826 3219 887 3284 hac
902 3219 966 3284 vite
992 3211 1196 3309 promittens.

208 3318 369 3388 Praedieta
387 3322 524 3408 proinde
539 3321 622 3390 laeta
631 3323 842 3390 attentionem
859 3323 1054 3412 populorum
1067 3340 1200 3390 mutere

205 3423 413 3492 debuerunt
433 3429 476 3494 Ex
492 3430 725 3521 alternantem
740 3441 851 3516 parte,
867 3431 967 3496 eunt
959 3442 1017 3496 rata
1031 3429 1114 3496 faeta
1130 3450 1201 3517 pro
1227 3462 1230 3468 f

85 3499 145 3615 ιζ
205 3543 416 3612 ponerentur
433 3540 470 3598 ut
481 3515 637 3614 recentia,
657 3533 821 3600 sensibilia
839 3547 870 3599 et
893 3534 1046 3622 publiea,
1072 3533 1099 3599 si
1114 3530 1200 3599 luis·
1352 3617 1355 3620 ἢ

209 3634 411 3701 seutlals-'a
384 3638 1201 3726 ,imposturaperinquisitionemfacillimedeteeta
1300 3713 1304 3716 ⁴
1412 3646 1425 3698 't

211 3748 244 3800 et
274 3739 317 3805 ab
342 3741 434 3810 initio
462 3744 708 3812 deletaiuisset.
728 3745 904 3832 —Neque
925 3743 1199 3830 subsequentibus
1248 3832 1251 3837 Ι
1321 3828 1325 3834 ¹

207 3843 311 3908 muts:
337 3846 526 3934 Siquidem,
551 3855 678 3939 attentus
693 3850 738 3918 rei
763 3851 937 3934 gravitate,
961 3847 1109 3912 homines
1129 3864 1199 3931 per-
1419 3852 1422 3860 '
