3025 4725
684 467 729 479 -
753 424 886 496 228-

297 590 350 649 tur
366 572 573 647 Talmudistra
589 576 719 645 ludaeos
731 572 925 660 generaliter
948 569 1181 662 exspectavisse
1196 567 1280 643 Mes·
1409 593 1410 664 t

247 670 258 695 '
296 688 377 753 siaiu
388 693 533 773 tempore
546 703 611 770 quo
625 682 773 770 apparuit
785 679 943 757 Christus;
955 678 1044 764 quod
1057 677 1279 745 testimonium
1409 671 1410 684 ³

297 790 426 861 maximi
444 790 596 877 ponderis
608 802 656 855 est
672 789 703 853 in
723 786 809 852 rede
825 784 954 873 qudvlric
969 785 1087 869 agitur.
1144 834 1153 839 -

343 896 380 963 ll.
410 894 652 964 Traditionibus
676 892 816 980 judaicis
841 891 1120 979 praenuntiabamr
1150 890 1283 957 Messias

296 1000 558 1089 cumpraeeipuis
570 997 810 1066 characteribus
827 998 882 1084 qui
896 997 928 1061 in
944 997 981 1064 V.
992 996 1201 1066 Testamenta
1215 985 1281 1063 ¹tle·
1409 1007 1410 1099 p

297 1110 477 1193 signantur.
844 1096 846 1100 ¹
1088 1158 1091 1166 .
1293 1105 1297 1113 ’
1409 1101 1410 1128 ἦ

344 1214 379 1281 l⁰
395 1215 551 1280 Doctores
567 1212 672 1278 Judaei
705 1207 832 1276 Christo
853 1210 1030 1298 anteriores
1045 1210 1168 1276 eodem
1180 1209 1280 1275 modo

296 1342 363 1408 quo
379 1340 466 1386 nunc
479 1313 649 1387 Christiani
670 1316 967 1404 interpretabantur
997 1315 1172 1403 plerasque
1194 1321 1276 1403 ‘pro-

297 1426 468 1514 phetarum
489 1438 591 1492 textus
609 1426 651 1491 de
678 1424 792 1491 MessiA
807 1437 969 1503 ventare,
994 1429 1029 1488 ut
1045 1421 1158 1490 videre
1174 1436 1223 1489 est
1244 1424 1280 1490 in

295 1552 411 1599 eorum
429 1531 680 1599 commentariis.
783 1528 836 1563 ·’
1031 1610 1035 1616 “
1136 1608 1141 1615 .
1222 1550 1245 1626 s

263 1712 268 1719 α
339 1638 379 1715 2⁰
394 1638 538 1705 Christus
555 1638 594 1706 atl
612 1636 817 1724 probandum
833 1624 956 1703 ludaeis
978 1655 1013 1702 se
1030 1656 1102 1702 esse
1115 1635 1272 1714 Messian,

295 1744 436 1831 Apostoli
460 1744 499 1810 ad
533 1732 745 1831 probandam
766 1742 907 1809 divinam
936 1742 1125 1807 missionem
1145 1742 1276 1822 Christi,

295 1848 419 1933 absque
432 1849 552 1935 praevia
563 1847 776 1928 discussione,
791 1870 850 1915 nec
862 1848 1128 1915 dissentientibus
1139 1850 1276 1929 ludaeis,

295 1940 471 2051 laudabant
487 1952 667 2018 testimonia
685 1952 918 2049 Prophetarum
936 1973 1009 2041 quae
1025 1955 1175 2042 superius
1188 1965 1277 2041 retu-

293 2058 403 2125 limus.
424 2055 568 2127 Christus
586 2058 721 2144 proinde
737 2069 768 2145 et
796 2056 937 2148 Apostoli
954 2062 1177 2148 supponebant
1190 2071 1280 2147 prae-'

265 2246 268 2249 ,
289 2164 402 2251 eipuos
430 2164 629 2231 characteres
647 2162 789 2250 Messias,
810 2166 842 2232 in
860 2166 1090 2254 Prophetarum
1108 2165 1266 2229 vaticiniis

289 2272 500 2359 significatos,
521 2272 625 2341 luisse
651 2274 845 2359 generaliter
871 2275 1033 2361 aiudaeis
1053 2283 1204 2359 receptos,
1226 2291 1264 2335 aa

150 2358 153 2364 Ι
254 2453 258 2457 .
291 2379 385 2470 plane
402 2380 585 2452 conformes
602 2381 745 2470 opinioni
773 2381 1005 2468 communique
1023 2384 1185 2449 doctorum
1201 2391 1266 2444 tra-

293 2486 420 2569 ditioni3
432 2489 701 2578 alioquiueorum
711 2487 945 2574 argumentatio
956 2489 1045 2555 omni
1064 2486 1273 2554 fundamenta

245 2609 248 2614 ’
292 2597 462 2676 caruisset;
482 2595 627 2670 Christus
644 2593 675 2662 et
688 2593 831 2681 Apostoli
847 2585 1109 2681 insipientissime
1120 2593 1274 2680 egissent,

291 2703 381 2786 quod
395 2715 563 2793 repugnat.
581 2735 627 2752 -
642 2703 658 2769 J
663 2702 745 2767 udaei
763 2700 830 2792 qui
844 2696 1033 2784 religionem
1059 2699 1273 2785 Christianam

233 2877 236 2880 ,
284 2803 431 2900 amplexi
444 2813 543 2882 s'unt,
558 2829 596 2871 ex
612 2808 773 2893 praedictis
799 2800 1038 2873 characteribus
1069 2816 1271 2890 agnoverunt

291 2901 456 2972 Christum
490 2926 631 2996 eumque
654 2928 712 2996 pro
735 2931 811 2976 veru
836 2909 950 2980 Massia
973 2899 1272 2979 habuerunt.Ci1m

206 3095 208 3102 y
288 3024 397 3080 autem
414 3007 645 3103 prophetarum
656 3013 801 3079 vaticinia
819 3019 860 3083 ad
871 3017 1033 3086 Christum
1045 3018 1274 3085 referebantur

288 3107 413 3207 absque
445 3119 561 3209 praevia
593 3123 895 3205 argumentatione,
916 3125 992 3192 inde
1008 3123 1272 3213 concludendum

285 3223 417 3292 ludaeos
433 3223 613 3312 spirituales
630 3242 687 3312 per
703 3227 891 3297 traditiones
918 3251 992 3300 suas
1015 3232 1148 3298 edoctos
1168 3229 1273 3296 fuisse

283 3325 331 3392 ¹de
342 3327 582 3394 clraraetarib'us‘
596 3340 678 3418 quos
694 3334 1008 3425 verus'lless‘iasprae
1020 3336 1154 3404 se-ierre
1166 3329 1268 3422 debe,-

255 3511 262 3524 Ι
287 3431 356 3498 hat.
374 3432 521 3520 Alioquin
540 3435 713 3506 dicendum
731 3439 813 3508 iuret
832 3442 909 3510 istos
927 3443 1073 3523 ludaeos,
1096 3458 1183 3508 sanae
1207 3442 1274 3505 tra·

288 3537 417 3605 ditionis
430 3538 574 3622 edodtns,
593 3549 689 3630 quiam
712 3533 882 3615 maximam
892 3549 1116 3636 deceptionem
1132 3545 1274 3612 libenter

287 3641 386 3711 luisse
398 3663 520 3731 passae,
534 3647 788 3736 religionemque
800 3651 996 3739 prejudiciis
1008 3653 1076 3720 suis
1089 3650 1272 3738 oppositam

285 3743 463 3840 strseepisse
481 3753 559 3822 ialsd
577 3769 605 3821 ct
618 3756 758 3840 gratuiti)
775 3773 985 3842 agnoscentes
1007 3758 1175 3827 itr'Christo
1193 3757 1271 3822 cha-
