3025 4725
686 452 889 518 -iti-

293 612 356 667 tem
373 596 486 675 Jacob,
504 595 604 663 iacob
630 608 823 680 cognoceret
847 592 1090 673 hhrshumum,
1111 591 1263 663 Abrohom

291 706 438 783 Scmum,
451 703 513 768 iste
537 700 768 780 Mathuselem,
787 700 843 786 qui
866 700 935 789 ipse
950 698 1073 766 rideret
1098 698 1266 769 hdemum.

291 813 328 877 ln
338 807 505 897 posteriori
522 828 611 885 cusu,
625 807 797 873 traditione
814 804 941 883 silente,
960 825 1000 871 eo
1020 805 1089 891 ipso
1105 807 1271 873 corruebat

292 916 333 983 de
348 912 483 980 fuisitete
508 912 699 979 narrationis
722 917 872 977 moseicoe
882 934 895 987 ,·
913 913 988 975 cirm
1006 910 1087 977 iectu
1106 913 1187 977 tenti
1206 933 1273 979 mo·

293 1017 404 1095 menti,
424 1016 449 1081 si
464 1015 597 1081 fuissent
611 1034 705 1092 rere,
729 1012 762 1077 in
775 1012 971 1079 oblivionem
991 1019 1057 1077 tem
1075 1014 1140 1081 cito
1156 1016 1274 1081 cedere

293 1144 357 1189 non
386 1121 630 1209 potuissent.-
643 1118 676 1183 5.
695 1119 788 1186 Facto
804 1116 935 1183 suerunt
956 1116 1150 1185 obseruate}
1174 1120 1277 1207 Siqui-

293 1228 367 1295 dem
385 1235 476 1293 erent
492 1225 621 1293 maximi
639 1223 808 1302 momenti,
828 1227 896 1289 tium
909 1222 1020 1309 Moysi,
1039 1228 1107 1289 tum
1125 1225 1207 1311 ipsis
1219 1228 1275 1293 Ju-

293 1332 391 1410 daeis3
410 1336 484 1398 cium
501 1331 532 1397 in
549 1331 666 1399 Genesi
686 1328 865 1395 referentur
892 1330 1034 1413 origines
1061 1331 1194 1415 generis
1215 1331 1275 1397 hu-

293 1438 392 1515 mnni,
419 1436 593 1525 primordie
617 1436 720 1521 gentis
736 1434 913 1511 hebraicos,
938 1433 1102 1518 religionis
1128 1436 1275 1503 Moseieae

292 1540 461 1620 institutio,
472 1540 553 1607 tituli
562 1538 646 1627 juris
655 1538 874 1611 iieehraeorum
885 1539 924 1605 od
931 1539 1173 1624 possessiouem
1183 1554 1274 1616 terete

294 1646 458 1725 Ghonssn,
471 1645 700 1733 promissiones
714 1644 753 1711 de
765 1644 979 1730 Redemptore
994 1643 1272 1713 iuturuexeorum

291 1754 421 1817 natione
431 1750 605 1815 nescituro.

341 1856 557 1940 Confirmatio
581 1853 735 1919 veracites
757 1853 920 1928 Geneseos
943 1874 1001 1941 per
1020 1852 1193 1935 scientias,
1213 1869 1270 1922 trs-

292 1960 431 2027 ditioues
448 1974 479 2026 et
496 1960 662 2027 historiens
680 1961 735 2041 (i).

620 2188 765 2235 suootrto
778 2186 945 2235 tttutnuctt.

339 2362 372 2428 Si
389 2361 486 2430 dubie
500 2359 581 2428 foret
597 2357 770 2428 auctoritas
787 2358 936 2427 historice
953 2357 1166 2434 Pentateuehi,
1183 2374 1246 2420 me·

292 2470 378 2539 xime
393 2469 516 2538 ratione
529 2467 749 2557 objectionum
765 2464 806 2532 eb
817 2466 1008 2534 aduersariis
1019 2459 1249 2558 propositarum

293 2586 389 2660 porro
406 2573 553 2642 inveiidae
570 2585 656 2642 sunt.

338 2679 440 2766 Opuc.
460 2681 483 2748 i.
503 2680 679 2748 Auctoritas
696 2675 905 2748 Pentateuchi
931 2678 1051 2766 pendet
1067 2675 1108 2744 eb
1128 2675 1194 2763 ejus
1209 2670 1263 2738 eu·

292 2780 501 2856 theuticitate‚
520 2781 711 2865 integritate,
722 2783 891 2849 veracitate
902 2803 910 2860 ;
923 2801 1020 2869 porro
1037 2775 1265 2848 pentateuchus

291 2903 354 2948 non
369 2885 643 2968 esteuthentieus‚
663 2884 797 2970 integer,
816 2907 923 2955 verax.

336 2988 431 3072 Resp.
447 2977 520 3074 hiaj.
538 2989 718 3072 argumenti
732 2989 882 3072 fatemur,
905 2991 985 3058 min.
1006 3011 1082 3057 vero
1100 3007 1267 3076 negemus.

250 3129 255 3134 s
337 3093 412 3163 Min.
431 3096 477 3162 sie
490 3093 626 3182 probent
643 3114 699 3180 per
711 3084 837 3182 partes:
1174 3084 1178 3089 ⁵

335 3203 455 3268 Dicunt
474 3203 509 3266 i⁰
527 3223 534 3265 :
550 3201 785 3272 Pentateuehus
801 3224 867 3270 non
890 3214 935 3270 est
949 3191 1165 3268 eretheuticuc.
1194 3199 1271 3291 Nem

229 3305 255 3396 Ἰ
281 3293 325 3370 i.
345 3323 489 3391 tempore
506 3305 619 3391 Moysis
629 3297 788 3394 'scripture
805 3308 1005 3396 alphabetico
1024 3307 1273 3391 ignote.eret.-

291 3411 323 3479 2.
343 3410 378 3474 ln
396 3411 612 3482 Pentateucho
629 3423 777 3482 narretur
789 3436 877 3482 mors
890 3414 1068 3501 Moysis—
1080 3410 1114 3476 5.
1133 3412 1170 3476 Iu
1188 3411 1271 3478 Pen-

259 3649 261 3654 ’
323 3628 356 3696 (i)
372 3628 434 3677 Ciun
449 3628 523 3679 istius
546 3631 746 3682 confirmationis
760 3633 921 3696 expositione
938 3633 964 3682 in
984 3628 1170 3696 icccpraesenti
1184 3627 1272 3677 reisue

288 3713 351 3761 erdo
362 3711 474 3761 materias
488 3713 673 3776 interruptione
686 3713 797 3778 longiori
811 3706 980 3777 inhiberetun
995 3727 1053 3766 eam
1071 3711 1227 3763 remittimus
1241 3709 1273 3760 ed

288 3795 382 3844 es'irsm
400 3794 541 3846 rcirtminis.
557 3793 603 3847 Vici
637 3797 756 3858 ippone.
835 3855 840 3862 ‚
