3025 4725
590 546 633 559 ·-
658 510 725 575 381·
743 550 790 560 -

198 668 278 737 quae
294 647 580 741 noncoutiuentur
603 647 634 715 in
652 647 817 733 Scriptura
844 657 935 715 sacra
951 673 960 715 ι
977 652 1048 730 sic,
1068 666 1184 739 praeter

196 760 299 843 supra
316 754 436 831 citatas,
448 760 638 841 perpetuata
651 754 687 819 Β.
706 754 813 820 Mariae
828 754 1055 838 uirginitatem,
1076 769 1182 846 septe-

198 860 329 939 narium
339 858 619 925 §aeramentorum
632 858 1066 937 numerum-invocationem
1085 863 1183 931 Sanc·

197 980 321 1044 torum,
338 962 462 1031 cultum
478 955 641 1039 sacrarum
658 963 853 1049 imaginum,
866 970 928 1032 etc.
947 966 1009 1033 llas
1036 966 1184 1032 ueritates

199 1081 289 1139 tenet
301 1076 410 1157 utpote
424 1090 482 1156 per
497 1069 717 1143 Traditiouem
728 1070 945 1159 transmissas.
965 1071 1049 1156 Ergo
1064 1072 1183 1137 admit·

200 1177 363 1245 tendaest
380 1174 573 1249 l‘raditicnis
596 1176 789 1255 auctoritas,
808 1176 837 1244 si
861 1176 1040 1261 legitimum
1055 1177 1098 1243 sit
1126 1176 1183 1245 Ec·

201 1281 308 1350 clesiae
330 1280 550 1347 testimonium
567 1280 619 1349 de⁴
632 1266 738 1347 diuina
762 1282 991 1367 praedictarum
1013 1282 1183 1354 veritatum

202 1382 339 1468 origine.
358 1382 456 1449 Porro
469 1400 520 1447 res
531 1382 574 1449 ita
594 1388 653 1449 est.
669 1381 838 1471 Siquidem
855 1404 895 1449 ex
910 1390 974 1449 una
994 1396 1104 1471 parte,
1119 1383 1183 1451 dici

202 1510 266 1556 non
282 1499 388 1576 potest
404 1506 526 1553 omncs
544 1486 741 1555 Christianos
758 1489 874 1576 prioris
890 1489 995 1555 oetatis
1019 1488 1119 1557 luisse
1134 1490 1182 1555 in·

109 1612 110 1637 ³
201 1605 357 1671 sensatos,
378 1592 625 1683 universamque
647 1590 887 1662 catholicorum
903 1582 1088 1681 societatem
1115 1591 1179 1659 inr-

108 1707 111 1747 ἕ
201 1692 489 1788 pastoribusomni
506 1710 651 1784 tempore
676 1697 776 1763 inisse
798 1685 989 1768 'conflatam
1014 1700 1057 1765 Ex
1080 1690 1181 1765 altera

201 1816 302 1895 parte,
320 1804 472 1889 primaeva
495 1801 751 1868 Glrristianorum
769 1790 934 1887 generatio
953 1805 1057 1893 potuit
1073 1806 1181 1891 inqui·

109 1920 114 1958 't
201 1932 273 1978 rere
288 1912 405 1979 utrum
415 1904 561 1981 Christus
593 1919 649 1973 aut
671 1907 813 1995 Apostoli
834 1894 983 1977 raritates
1005 1910 1177 2003 praedictas

108 2030 113 2065 t
201 2014 401 2093 tradiderint,
414 2014 491 2079 item
514 2012 749 2101 subsequentes
766 2013 991 2101 generationes
1001 1994 1180 2109 potuerunt

108 2147 111 2156 ’
201 2138 396 2205 cognoscere
412 2121 521 2183 utrum
538 2116 726 2205 praecedens
743 2114 984 2186 catholicorum
1012 2118 1176 2202 generatio

200 2244 259 2314 ppo
273 2219 419 2303 revelatis
436 2218 566 2285 easdem
586 2218 896 2308 veritatestenuerit.
915 2218 1061 2297 'landem
1084 2240 1180 2306 quas·
1260 2246 1263 2249 ⁴

201 2346 350 2448 cumque
365 2325 588 2414 generationes
620 2323 735 2390 scdulo
759 2323 801 2390 de
815 2322 978 2410 praedictis
994 2324 1182 2415 veritatibus

201 2432 410 2522 inquisivisse
419 2428 623 2499 concluditur
640 2449 676 2495 ex
693 2429 764 2514 ipsa
780 2435 895 2494 natura
910 2427 1184 2532 recitatumque

209 2539 250 2602 ad
262 2539 439 2626 depositum
456 2535 532 2602 fidei
550 2533 749 2622 pertinentes
766 2523 919 2598 omnibus
935 2529 1028 2598 crant
1052 2534 1183 2598 maximi

109 2683 110 2702 ι
206 2645 380 2723 momenti,
405 2641 501 2709 simul
528 2652 560 2706 et
575 2660 615 2706 ex
636 2637 808 2705 trnitersali
825 2626 1049 2722 constantique
1066 2635 1183 2704 Catho

109 2793 110 2808 ι
200 2747 339 2818 litorum
350 2748 415 2814 fide
425 2747 471 2814 de
487 2746 594 2813 diuina
610 2762 720 2813 earum
744 2742 925 2828 origine.

247 2855 284 2920 5⁸
298 2855 332 2922 Si
346 2853 490 2944 Traditio
512 2873 577 2918 non
599 2862 683 2919 esset
705 2851 851 2918 medium
873 2848 978 2915 aueo
1002 2847 1183 2916 institutum

202 2959 241 3026 ad
259 2956 462 3032 revelationis
479 2953 772 3032 transmissionem,
792 2951 938 3018 Christus
951 2972 989 3018 ex
1002 2958 1068 3017 una
1093 2962 1184 3040 parte

200 3063 363 3152 Apostolis
378 3062 791 3152 imposuissetpraeceptum
806 3057 908 3126 libros
920 3057 1185 3125 sacrosacriben·

203 3171 239 3238 di
250 3173 425 3258 antequam
443 3166 680 3256 praedicationis
694 3185 776 3253 opus
801 3162 1066 3248 aggrederentur,
1084 3157 1189 3248 Apas':

202 3277 262 3344 toli
280 3297 319 3342 ex
337 3275 442 3348 altera,
459 3280 549 3360 purte
576 3271 792 3346 credidissent
817 3268 868 3334 sui
889 3280 967 3354 *ante
987 3267 1095 3355 omnia
1113 3266 1184 3333 otn-

201 3381 247 3448 cii
276 3399 347 3468 esse
368 3363 407 3470 ἰιι
432 3376 613 3444 doctrinam
637 3375 752 3442 Christi
781 3373 907 3461 scriptis
935 3372 1183 3457 consignarent,

201 3475 472 3574 Scriptu'rantquc
490 3479 748 3548 transferrentur
765 3480 869 3547 varias
884 3475 1011 3562 linguas
1032 3477 1073 3543 ad
1090 3499 1185 3545 usum

199 3589 376 3656 nationum
400 3586 487 3675 apud
512 3605 592 3672 quas
625 3579 834 3667 Evangelium
861 3588 952 3647 erant
968 3575 1184 3668 praedicaturi.

200 3697 306 3763 Porro
322 3711 387 3761 non
400 3693 444 3757 tta
457 3711 491 3758 se
508 3691 691 3757 habuerunt
706 3685 852 3762 ,Christus
865 3696 897 3751 et
907 3677 1060 3774 Apostoli.
1079 3685 1185 3750 Unum

200 3797 370 3881 mandauit
401 3797 570 3886 Christus:
593 3823 606 3854 ι
626 3801 746 3874 euntes,
774 3792 882 3858 docete
900 3810 1010 3859 omncs
1033 3788 1183 3876 qantos...
