3025 4725
709 644 909 711 -ldi-

363 790 400 853 9⁰
417 786 542 853 Nedum
566 784 741 851 adversarii
756 783 1025 855 contradictiones
1041 783 1231 852 essentiales
1246 808 1299 853 os-

316 892 489 971 tenderint,
508 898 734 979 nepotuerunt
760 888 893 979 quidem
915 888 1069 973 detegere
1081 886 1206 977 aliquid
1221 910 1298 957 con·

314 997 536 1065 tradiotorium
544 996 577 1063 in
587 992 718 1061 minutis
727 995 916 1063 earumdem
926 992 1294 1075 rerumuarrationihus,

315 1112 462 1197 quamvis
489 1110 508 1170 a
524 1103 657 1171 diversis
673 1100 874 1182 auctoribus,
891 1102 1019 1169 diuerso
1035 1102 1151 1169 ordine
1166 1124 1204 1168 ac
1215 1115 1296 1169 tem-

313 1232 393 1301 pore
408 1210 608 1298 conscriptis.
627 1208 726 1295 hlagis
743 1230 780 1274 ac
790 1209 891 1293 magis
908 1216 1085 1275 constater
1108 1209 1297 1278 recentiori-

313 1316 376 1383 bus
393 1314 579 1383 criticorum
598 1313 733 1381 inventis
754 1312 937 1380 mirabilem
961 1315 1074 1380 adesse
1090 1314 1123 1379 in
1144 1313 1238 1379 libris
1256 1314 1294 1382 N.

311 1422 507 1490 Testamenti
524 1418 787 1489 concordantiam
803 1440 878 1486 cum
894 1418 1090 1507 geographia
1107 1427 1140 1485 et
1160 1420 1296 1487 historia

312 1528 413 1595 astatis
444 1526 641 1616 spostolicae.
665 1523 750 1593 Nihil
775 1523 921 1590 scierunt
946 1536 1094 1592 auctores
1117 1526 1205 1612 quod
1230 1548 1295 1593 non

311 1632 409 1723 plane
428 1643 585 1701 consonet
607 1650 682 1699 oum
702 1628 759 1695 illo
775 1635 933 1729 tempore3
952 1629 1034 1695 nihil
1050 1631 1140 1717 quod
1156 1651 1223 1698 non
1240 1651 1294 1697 ex-

312 1736 425 1805 hibeat
445 1758 553 1805 mores
569 1747 731 1823 receptos,
750 1734 888 1801 sormam
904 1735 1082 1820 regiminis,
1110 1735 1212 1821 leges,
1231 1758 1293 1805 cae-

312 1845 611 1924 remonias,'seotas
626 1837 830 1922 ludaeorum,
854 1853 915 1907 etc.

357 1946 394 2013 5⁰
410 1948 580 2014 Scribendi
595 1948 696 2012 forma
713 1948 848 2033 ipsaque
860 1946 940 2013 facta
959 1958 1085 2013 narrata
1102 1948 1297 2017 denuntiant

312 2050 345 2116 in
369 2050 557 2117 auctoribus
580 2049 764 2134 ingenium,
788 2050 988 2117 characteres
1013 2062 1045 2117 et
1070 2059 1298 2143 tempusque

313 2153 442 2242 traditio
457 2152 647 2241 Apostolicis
662 2154 873 2241 scriptoribus
889 2154 1041 2241 assignat.
1057 2194 1101 2208 -
1123 2159 1247 2243 Lingua
1264 2170 1297 2231 et

267 2291 270 2294 ·
311 2256 411 2345 stylus
435 2256 604 2325 manifeste
628 2259 803 2325 ostendunt
832 2272 980 2327 auctores
999 2262 1128 2332 natione
1142 2264 1290 2336 Judaeos,

308 2365 395 2432 Licet
428 2366 515 2432 enim
539 2385 644 2452 graeco
677 2365 864 2454 scripserint
891 2357 1062 2448 idiomate,
1090 2368 1285 2433 hebraismis

307 2470 453 2539 abundat
463 2493 577 2540 corum
589 2472 705 2551 dictio;
724 2471 951 2538 similitudines
969 2488 1001 2540 et
1012 2472 1170 2540 allusiones
1191 2461 1280 2554 eju-

309 2579 409 2647 doiois
425 2578 714 2647 consuetudinibus
729 2599 767 2644 ac
794 2577 941 2661 moribus
962 2577 1070 2668 saepius
1085 2573 1219 2639 ducunt.
1232 2611 1283 2628 --

309 2685 353 2770 Si
375 2686 511 2757 Paulum
532 2697 565 2754 et
594 2685 712 2754 Lucam
744 2682 895 2770 excipias,
925 2684 1080 2750 sermonis
1099 2681 1291 2768 simplicitas

309 2793 417 2878 prodit
433 2804 580 2860 auctores
603 2792 771 2870 indoctos,
794 2787 883 2854 nulla
900 2789 1042 2857 humaui
1058 2786 1245 2855 eruditione
1262 2803 1293 2856 et

304 2895 662 2980 litteraturdexpolitos,
680 2879 792 2982 quales
805 2892 974 2982 Apostolos
991 2897 1100 2962 reveri
1116 2893 1218 2961 luisse
1234 2906 1295 2963 tra·

309 2995 582 3060 ditione'constat.
595 3035 641 3045 -
656 2999 809 3084 Proprius
825 2997 985 3086 cujusque
999 2998 1141 3088 Apostoli
1158 3001 1290 3066 charac-

279 3097 283 3104 ’
308 3108 358 3164 ter
375 3097 407 3162 in
430 3097 575 3184 quolibet
601 3099 639 3164 N.
668 3096 863 3166 Testamenti
888 3104 973 3175 lihru
1001 3105 1095 3191 quasi
1119 3125 1293 3194 expressus

306 3212 460 3290 apparet:
477 3200 742 3268 loanneserimia
759 3201 872 3288 flagrat
880 3205 1048 3285 charitate,
1061 3207 1194 3274 sublimi
1207 3229 1292 3296 pree·

303 3306 394 3372 ,cellit
423 3306 569 3375 doctrina
579 3329 589 3387 3
616 3307 700 3374 Petri
725 3307 918 3397 perspicitur
948 3311 1053 3377 nativa
1078 3313 1288 3396 ingenuitas,

144 3433 149 3440 ¹
253 3497 254 3501 Ἰ
304 3409 481 3497 iunctaque
494 3423 569 3480 cum
585 3419 712 3480 summu
733 3413 915 3481 humilitate
937 3416 1111 3484 auctoritas
1124 3440 1132 3496 ;
1147 3418 1217 3504 zelo
1234 3438 1292 3484 re·

305 3511 450 3582 hcmcnti
466 3535 605 3584 necnon
622 3531 654 3584 et
668 3520 797 3604 ingenio
815 3522 1000 3606 agnoscitur
1022 3507 1193 3610 Apostolus
1209 3543 1292 3609 gen·

305 3619 411 3698 tium3
436 3623 660 3704 eto.·-3Faota
685 3639 812 3693 narrata
843 3612 1037 3720 denuntiant
1059 3639 1205 3694 aetatem:
1234 3629 1292 3695 Sic

305 3742 418 3792 omnes
435 3721 650 3814 'Evangelistae
679 3731 882 3820 prophetiam
915 3730 1032 3800 Christi
1065 3719 1106 3798 de
1137 3733 1291 3823 proximo

303 3829 395 3898 urhis
409 3832 619 3922 lerosolymae
636 3836 926 3919 excidiorelerunt,
945 3852 1078 3926 excepto
1090 3839 1218 3908 loanne
1229 3840 1291 3925 qui

251 3963 254 3968 ·
304 3938 512 4025 Evangelium
527 3939 653 4025 scripsit
679 3937 745 4025 jam
763 3941 893 4029 impleta
908 3945 1132 4035 praedictione.
1152 3942 1187 4009 ln
1204 3943 1291 4013 deti·
