3025 4725
269 280 1387 322 W

99 318 268 341 -,-ν--ν“*““““

600 509 801 582 *aot-

211 656 313 737 rabie,
333 658 432 724 crevit
448 657 561 742 religio
585 678 689 735 nova,
710 658 824 737 urbes,
843 662 988 741 castella,
1008 666 1195 752 municipia,

210 779 327 843 castra,
345 764 461 842 tribus,
477 763 637 841 decurias,
663 763 828 849 palatium,
845 780 1006 846 senatum,
1025 768 1199 856 lorumque

209 872 357 961 replevit,
377 891 435 958 per
455 868 569 937 orbem
591 870 733 956 denique
751 871 936 940 universnm
959 875 1198 941 celerrimedit'·

211 982 361 1047 sosaest.
772 1050 776 1059 Ι
1283 968 1286 971 ’

255 1089 316 1153 Pr.
332 1084 378 1151 tt.
394 1084 540 1152 Absurde
563 1092 638 1150 sunt
654 1081 752 1170 hujus
780 1085 960 1170 systematis
977 1090 1191 1167 consectario.;

209 1214 307 1281 orgo.
1146 1252 1149 1256 f

256 1300 454 1388 l⁰Systema
484 1318 580 1363 suum
613 1296 804 1376 adstruere,
835 1312 867 1364 et
897 1301 994 1365 vitam
1012 1301 1133 1368 Christi
1157 1305 1196 1368 od

207 1430 337 1477 meram
359 1406 521 1473 tietioncm
540 1403 696 1470 reducere
712 1405 752 1469 D.
766 1405 894 1473 Strnuss
906 1428 972 1472 non
991 1410 1105 1494 potuit,
1121 1408 1195 1485 nisi,

206 1516 342 1606 rejectis
355 1512 498 1580 historiae
515 1512 605 1579 lactis
615 1519 713 1601 qttam
730 1513 869 1591 maxime
878 1515 1050 1602 exploratis
1062 1538 1099 1583 ac
1114 1539 1199 1606 pers·

206 1622 338 1713 pectis,
367 1620 399 1685 in
420 1624 534 1687 borum
551 1618 659 1685 locum
677 1618 904 1686 substituendo
938 1621 1127 1707 imaginaria
1149 1625 1198 1688 soi

195 1728 398 1799 'intellectis
414 1726 555 1791 inventa.
575 1726 687 1803 Porro,
707 1725 822 1790 eadem
842 1726 998 1793 adhibita.
1019 1729 1196 1803 methodo,

205 1838 302 1905 nulla
319 1846 368 1900 est
383 1832 556 1899 illustrium
573 1831 716 1898 virorum
731 1832 808 1910 vita,
828 1853 902 1918 quae
916 1835 958 1899 ad
971 1834 1113 1903 valorem
1124 1837 1201 1902 sim·
1238 1850 1240 1859 ·

208 1944 307 2033 plicis
320 1938 421 2026 mythi
439 1936 550 2005 reduci
564 1958 629 2003 non
640 1950 760 2027 p‘osset3
780 1958 818 2004 ac
835 1940 995 2019 subinde,
1018 1942 1093 2007 ciam
1109 1942 1142 2007 in
1155 1944 1201 2007 ti-

208 2070 327 2119 rurum
344 2045 517 2112 illustrium
538 2045 604 2110 vita
620 2044 712 2131 quasi
727 2056 934 2113 resumantur
956 2047 1057 2114 aetatis
1084 2064 1200 2115 cureta-

211 2180 281 2225 neae
301 2152 457 2243 praecipui
474 2163 618 2229 eventus,
642 2149 732 2237 juxta
749 2154 900 2219 eamdem
928 2154 1143 2233 methodum,
1166 2169 1202 2220 ut

214 2259 356 2350 mythico
373 2264 482 2346 posset
498 2255 610 2320 haberi
628 2258 749 2341 quaevis
763 2257 912 2323 historia:
930 2260 1019 2343 quod
1036 2260 1201 2325 evidenter

216 2368 340 2436 inducit
357 2363 596 2452 scepticismum
613 2361 803 2428 historicum
821 2365 1048 2429 universalem.

259 2477 298 2540 Ψ)
307 2473 377 2544 Vita
391 2469 520 2549 Christi,
540 2469 643 2555 qualis
660 2470 692 2534 in
710 2468 879 2553 Evangelio
898 2469 1048 2547 refertur,
1073 2483 1122 2534 est
1138 2471 1200 2536 lac·

227 2587 291 2643 tum
318 2577 482 2656 sensibile,
511 2575 701 2664 publicum
722 2580 799 2640 sane
821 2574 950 2640 maximi
969 2577 1125 2640 momenti
1142 2598 1201 2662 pro

232 2676 418 2763 Christianis3
437 2683 557 2750 lactum
575 2683 676 2768 quod,
691 2685 810 2746 attenta
825 2681 872 2746 rei
887 2680 1122 2765 gravitatc,luit
1133 2703 1204 2747 exn-

234 2785 383 2856 minatum
397 2803 429 2858 et
443 2791 658 2879 ponderatum
686 2809 760 2854 oum
776 2789 932 2854 severiori
948 2807 985 2854 ac
1008 2786 1202 2874 diligentiori

227 2897 303 2959 curi
320 2901 412 2981 quam
423 2895 593 2983 quodlibet
613 2893 699 2959 alind
711 2892 842 2959 tactum.
861 2895 945 2960 lllud
962 2909 1070 2962 autem
1084 2897 1207 2984 recepit

222 3009 254 3068 et
271 3005 526 3070 constantissimo
545 3023 603 3090 pro
621 3023 696 3068 vero
714 3003 817 3068 tenuit
832 3003 980 3069 universa
1006 3002 1204 3089 Christiano-

219 3111 460 3189 rumsocietas,
481 3111 627 3176 omnium
660 3115 746 3176 certe
770 3109 958 3175 societatum
980 3109 1203 3191 religiosorum

216 3217 484 3284 numerosissima
498 3230 529 3282 et
536 3225 583 3281 tot
594 3216 669 3282 viris
680 3216 810 3300 ingenio
824 3230 855 3281 et
865 3216 1011 3282 doctrina
1020 3213 1203 3302 conspicuis

214 3320 442 3388 celeberrima.
461 3322 620 3401 Proinde,
649 3323 696 3401 si,
721 3335 756 3388 ut
783 3323 950 3388 contendit
971 3322 1121 3401 Strauss,
1141 3322 1204 3387 uita

213 3427 294 3492 lesu
307 3428 348 3493 sit
359 3448 488 3494 merum
505 3439 724 3494 commentum
737 3476 745 3506 ,
758 3448 798 3492 eo
816 3428 886 3514 ipsu
905 3428 1081 3494 dicendum
1094 3439 1142 3493 est
1156 3449 1208 3494 so-

213 3533 371 3599 cietatem
382 3533 681 3600 numerosissimam
699 3554 737 3600 ae
752 3533 1050 3620 praeclarissimam,
1067 3541 1141 3620 post
1153 3555 1206 3600 sc-

213 3639 304 3705 rium
330 3661 466 3708 examen
495 3640 664 3707 admisisse
690 3641 824 3728 puerilis
857 3641 959 3707 aetatis
984 3641 1208 3714 deliramento,

213 3765 319 3811 vanas
332 3746 480 3815 fictiones
496 3769 555 3836 pro
572 3748 662 3814 lactis
678 3748 782 3826 veris,
798 3747 1009 3813 sensibilibus
1020 3767 1058 3812 ao
1074 3745 1212 3834 publicis

214 3851 389 3932 habuisse,
409 3876 446 3922 ac
459 3855 520 3924 sibi
538 3869 633 3943 aeqoo
655 3855 763 3920 animo
780 3853 991 3919 durissimum
1019 3851 1214 3937 imposuisse

121 3951 122 3954 ¹
1056 3956 1098 4016 Ρ)
