3025 4725
737 607 937 676 -sts-

352 749 519 836 sapientise
534 745 702 836 proeceptis
724 743 923 834 philosophi,
937 765 997 810 neo
1020 744 1150 830 legibus
1168 759 1199 812 ct
1223 749 1328 816 edictis

350 853 512 942 principes
529 858 672 940 unquim
685 851 815 918 efficere
826 849 1012 938 potuerunt,
1027 851 1059 916 id
1071 849 1179 918 clicuit
1191 853 1329 921 doctrina

351 959 516 1039 Cruciiiri,
533 979 599 1026 non
616 961 741 1023 tantum
758 956 790 1022 in
806 977 870 1022 uno
887 956 937 1022 vel
963 956 1040 1034 alio,
1065 977 1131 1022 non
1153 965 1278 1026 tantum
1299 963 1327 1026 in

349 1064 495 1154 puerulis
506 1085 544 1131 ao
557 1062 707 1140 rudibus,
726 1082 791 1128 non
806 1065 929 1128 tantum
944 1061 978 1126 in
994 1062 1137 1148 quodam
1156 1075 1256 1132 terrac
1274 1087 1327 1132 an·

350 1162 441 1253 gulo,
455 1167 512 1234 sed
529 1166 560 1232 in
578 1164 799 1243 multitudine,
824 1164 927 1230 sedin
949 1163 1136 1252 potentibus
1155 1187 1197 1232 ac
1222 1169 1323 1246 doctis,

351 1273 409 1339 sed
430 1271 555 1357 ubique
568 1284 740 1338 terrarum.

397 1376 435 1441 5⁰
448 1375 514 1443 Nisi
528 1375 714 1442 admittatur
725 1373 826 1440 virtus
837 1375 958 1454 divina,
974 1375 1108 1442 minimi
1121 1377 1227 1446 'ctiam'
1240 1380 1325 1466 cxpli·

351 1482 575 1568 cnriqucunt
603 1481 805 1548 conservatio
838 1481 994 1546 doctrinm
1024 1481 1144 1548 Christi
1175 1499 1212 1552 ct
1235 1487 1326 1572 ipsius

351 1586 502 1654 Ecclesiae
522 1583 697 1653 stabilitas:
715 1585 807 1652 Nulla
827 1585 913 1651 enim
925 1585 1065 1652 humana
1080 1587 1248 1669 doctrina,
1262 1591 1325 1661 duc·

352 1693 444 1760 trium
457 1693 647 1760 Christianoe
658 1704 855 1780 comparata,
873 1704 921 1757 tot
941 1691 1222 1762 adulterationum
1235 1696 1325 1763 causis

352 1802 498 1885 unquam
515 1799 632 1865 exstitit
647 1797 802 1875 obnoxia.
830 1795 922 1862 Nrrlla
940 1800 1085 1882 unquhnr
1104 1797 1267 1866 institutio
1281 1812 1325 1866 aut

351 1905 488 1972 societas
514 1905 669 1982 humana,
701 1901 1034 1968 Catholioae'sociotati
1064 1893 1267 1990 comparata,
1288 1913 1325 1972 tot
1378 1975 1379 1992 1

351 2009 585 2074 vicissitudines
611 2028 761 2094 perpessa
791 2016 852 2087 cst,
875 2019 921 2072 tot
948 2007 1099 2094 procellis
1124 2008 1188 2079 irrit
1204 2014 1322 2097 agitata.
1377 2003 1379 2026 ¹

245 2181 249 2187 ,
352 2112 499 2182 Attamen
509 2131 623 2176 omncs
640 2113 792 2178 humanae
809 2112 964 2180 doctrinae
980 2112 1044 2179 cito
1057 2112 1192 2182 luerunt
1208 2118 1325 2184 adulto·
1378 2191 1379 2202 ἵ

353 2213 443 2296 ratoe,
471 2218 536 2282 cito
558 2237 645 2282 nunc
662 2216 760 2282 etiarn
777 2217 1017 2285 adulterantur:
1030 2220 1104 2286 'solu
1118 2220 1235 2290 Christi
1251 2225 1323 2289 doe·

352 2323 452 2403 trina,
473 2321 547 2389 hott
568 2321 719 2414 superbae
739 2323 854 2391 rationi
877 2323 1096 2413 'omnibusque
1111 2327 1214 2415 provis'
1234 2327 1320 2411 cupi·

353 2426 680 2507 ditatibus'adversa,
705 2427 826 2493 illibata
849 2439 881 2493 ct
906 2427 1108 2513 integerrima
1130 2426 1307 2513 permansit.
1377 2504 1378 2519 χ

353 2535 476 2603 Omnes
487 2535 703 2601 institutiones
719 2534 884 2612 humanae,
903 2533 978 2599 licet
991 2530 1209 2621 potentissimis
1223 2528 1307 2600 ausi·
1377 2522 1378 2586 l

351 2641 405 2710 liis
431 2642 542 2721 totta,
565 2640 722 2708 continuo
745 2649 904 2707 corruunt
927 2652 984 2705 aut
1007 2640 1235 2717 immutantur3
1253 2636 1316 2703 sola

352 2748 491 2814 Ecclesia
506 2745 636 2825 Christi,
655 2744 729 2812 hcet
740 2744 781 2810 ad
802 2744 885 2810 intra
901 2743 1070 2812 fraudibus
1087 2746 1315 2819 haeretieorum,

351 2851 630 2929 schismaticorum
642 2851 792 2940 perfidia',
809 2849 955 2937 ipsorum
971 2851 1316 2937 Christianorumigno·

350 2958 454 3020 rantib
466 2970 497 3021 ct
512 2959 721 3043 corruptione
736 2956 923 3034 dilacerata,
941 2955 1016 3022 licdt
1031 2957 1071 3025 ad
1101 2962 1190 3025 extri
1213 2956 1316 3026 barba·

354 3079 465 3123 rorum
491 3058 753 3142 incursionibus,
781 3064 1159 3149 tyrannorumsaevitiis,
1187 3062 1315 3130 civilium
1375 3029 1376 3093 i

351 3172 545 3252 potestatum
563 3167 786 3232 molitionibus
803 3168 1003 3254 impugnata,
1023 3177 1083 3235 stat
1097 3170 1285 3235 inconcusso
1294 3170 1317 3227 ot
1374 3172 1375 3175 ’

351 3271 456 3337 iirma.
474 3271 618 3337 Tandem
632 3272 664 3335 in
690 3271 746 3335 istd
764 3272 916 3341 socictate
932 3274 1192 3341 constantissimo
1208 3282 1241 3340 et
1257 3288 1317 3359 per·

351 3376 535 3439 severanter
546 3371 695 3459 producti
708 3370 840 3439 luerunt
852 3376 951 3441 iidem
962 3377 1223 3444 sanctificationis
1235 3374 1318 3441 eiice-

349 3489 401 3540 tus
417 3496 500 3561 quos
515 3477 549 3540 in
574 3474 738 3561 prioribus
759 3478 887 3545 saeoulis
911 3481 1087 3566 productos
1111 3482 1277 3557 novimus,
1293 3486 1317 3541 el

349 3577 418 3665 qui,
438 3591 473 3643 ut
484 3577 656 3666 probatum
671 3586 732 3663 est,
750 3585 1032 3671 supernaturalem
1048 3586 1190 3673 produnt
1207 3579 1316 3649 doctri-

350 3683 574 3751 naetirtutem.
992 3682 996 3689 “
1370 3672 1373 3853 p
