3025 4725
667 473 868 541 —iii-

280 620 412 689 inerunt
440 614 629 692 observatu
663 614 826 701 siquidem
858 624 951 679 erant
983 616 1265 698 extraordinaria,

279 725 416 815 proinde
433 742 568 789 examen
581 721 814 808 promoventia.
834 720 971 787 Aliunde
987 720 1038 787 bis
1049 720 1145 789 iactis
1156 726 1268 791 nititur

281 830 394 915 religio
416 826 613 917 prejudiciis
630 837 661 893 et
677 825 908 913 cupiditatibus
925 828 1086 914 apposita.

328 934 546 1021 confirmatur
562 932 716 999 veracitas
725 931 841 1017 Moysis
851 942 884 996 at
898 932 1090 998 Judaecrum
1107 931 1175 1020 ipsi
1188 954 1273 1001 cote·

281 1049 451 1109 innectum
479 1058 537 1125 per
559 1037 781 1104 testimonium
800 1036 992 1103 ludaeorum
1023 1040 1274 1124 posteriorum,

281 1144 569 1221 Samaritanorum,
589 1142 858 1209 Christianorum.
872 1140 1041 1227 Siquidem
1063 1155 1168 1211 testes
1195 1168 1276 1232 prm

284 1256 361 1325 dicti
377 1254 581 1322 veracitatem
599 1252 713 1339 bioysis
732 1259 765 1319 et
779 1252 881 1338 ipsius
896 1263 1139 1319 eotenncorum
1153 1255 1276 1321 exami-

283 1382 361 1429 nare
388 1372 583 1448 potuerunt,
605 1364 718 1425 reveri
742 1356 967 1424 examinarunt
989 1366 1022 1423 et
1040 1371 1115 1444 post
1131 1380 1273 1427 examen

283 1470 497 1537 affirmarunt.
510 1506 554 1517 -
566 1466 754 1535 Examinare
769 1478 945 1553 potuerunt
961 1489 969 1529 :
997 1466 1072 1534 iioec
1088 1469 1182 1535 enim
1205 1482 1273 1535 erat

283 1578 441 1665 quoestio:
460 1580 569 1641 utrum
587 1572 807 1641 testimonium
834 1571 950 1657 idoysis
970 1584 1002 1637 et
1016 1572 1120 1658 ipsius
1147 1583 1267 1641 cooeta·

285 1698 422 1748 ncorum
440 1679 588 1743 vestitum
600 1673 695 1739 inerit
718 1674 872 1739 omnibus
898 1671 1142 1742 conditionibus
1158 1677 1270 1762 requi·

285 1783 353 1848 sitis
366 1784 406 1847 ad
419 1772 591 1851 creandam
605 1779 830 1845 certitudinem
839 1780 855 1847 t
865 1781 963 1847 Porro
974 1780 1193 1867 boecqruestio
1203 1802 1268 1849 non

286 1894 418 1968 ruperat
433 1893 561 1965 captum
579 1880 748 1947 bominum
777 1882 949 1968 prudentia
964 1884 1131 1949 communi
1148 1884 1265 1971 praedi·

287 2000 394 2055 torum
407 2006 416 2061 ;
428 1996 459 2049 et
475 1984 558 2049 inter
575 1994 670 2049 testes
686 1985 867 2071 praecitatus
877 1985 968 2051 multi
980 1987 1153 2072 prudentia
1168 2008 1263 2074 supa-

286 2088 364 2157 riori
381 2087 524 2171 insignes
547 2087 689 2168 inerunt,
708 2110 740 2155 v.
758 2110 791 2173 g.
810 2090 989 2177 Scriptores
1005 2093 1092 2158 sacri
1109 2093 1190 2158 inter
1202 2094 1258 2156 Ju-

287 2197 388 2275 daecs,
408 2206 440 2259 et
456 2194 512 2261 SS.
530 2197 638 2262 Patres
649 2207 681 2261 et
695 2194 888 2283 Apoiogistte
910 2197 993 2263 inter
1009 2197 1251 2264 Christianos.-

288 2302 412 2371 iieverit
429 2302 673 2374 examinarunt:
692 2302 772 2368 Nam
798 2302 831 2367 1.
852 2302 1007 2370 veracitas
1026 2302 1129 2386 ttaysvs
1144 2310 1173 2363 et
1193 2296 1244 2358 Ju-

288 2409 434 2480 daeorum
452 2408 540 2476 iactis
557 2407 765 2479 pentateuchi
780 2428 963 2479 coaevorum
980 2416 1045 2476 crat
1058 2406 1167 2472 iactum
1182 2420 1246 2485 gra·

288 2517 455 2584 vissimum
478 2540 536 2605 pro
549 2515 685 2595 Judaeis,
703 2514 864 2601 siquidem
881 2535 918 2578 ex
939 2513 1109 2581 veracitate
1127 2506 1254 2602 praedic-

289 2635 395 2692 torum
426 2625 555 2689 testium
576 2622 738 2708 pendebat
760 2619 908 2690 divinitas
935 2620 1100 2704 religionis
1123 2620 1260 2686 iiosaicoe

227 2721 230 2726 “
290 2730 446 2812 oppositae
463 2728 692 2812 cupiditatibus
708 2727 897 2792 iudaeorum
913 2738 945 2792 et
960 2735 1140 2812 presertim
1152 2739 1260 2801 eorum

290 2827 488 2893 inclinationi
509 2829 550 2892 ad
574 2828 808 2908 idololatriam
831 2851 891 2918 pro
916 2832 1147 2912 samaritanis,
1166 2826 1264 2920 postu

237 2985 238 2988 ,
290 2933 376 2998 enim
391 2931 559 2996 veracitate
572 2932 791 3012 Pentateucbi,
807 2937 1003 3023 sequebatur
1014 2957 1156 3006 ecs-csse
1174 2933 1266 3002 schis-

268 3037 423 3104 =meticcs
444 3047 476 3103 et
492 3048 579 3102 extra
595 3036 681 3101 viam
705 3037 835 3117 salutis;
855 3064 914 3129 prc
935 3042 1122 3109 Christianis
1140 3043 1268 3130 primn-

289 3143 581 3219 rumusculorum,
597 3148 710 3224 negata
734 3145 819 3210 enim
844 3148 1015 3229 veracitate
1036 3145 1266 3218 pentateuchi,

289 3246 366 3314 falsa
384 3262 453 3314 erat
469 3247 580 3330 religio
595 3245 771 3315 Christiana
785 3251 981 3339 praejudiciis
992 3267 1027 3320 et
1040 3253 1269 3340 cupiditatibus

290 3352 448 3438 opposita.
464 3353 497 3416 ἢ.
513 3351 553 3416 Ex
570 3355 694 3442 scriptis
704 3358 834 3426 Petrum
849 3367 883 3423 et
896 3360 1155 3446 Apologistarum
1167 3357 1272 3424 Chris-

290 3456 451 3522 tianorum
480 3459 635 3544 probatur
654 3464 875 3547 ¹quaestionem
893 3465 933 3530 de
957 3464 1130 3532 veracitate
1155 3461 1269 3529 seduid

290 3559 389 3625 inisse
410 3564 634 3640 examinatum.
649 3569 781 3634 -Post
807 3590 940 3636 examen
965 3568 1188 3646 affirmdrunt:
1224 3565 1270 3632 De

290 3664 501 3738 affirmatione
511 3673 854 3758 positivadudaeorum
867 3676 1157 3750 Samaritanorum,
1166 3671 1268 3750 Cirris

290 3775 450 3848 danorum
464 3798 559 3846 nemo
573 3777 709 3850 dubitat,
