<?xml version="1.0" encoding="UTF-8"?>
<!DOCTYPE html PUBLIC "-//W3C//DTD XHTML 1.0 Transitional//EN"
    "http://www.w3.org/TR/xhtml1/DTD/xhtml1-transitional.dtd">
<html xmlns="http://www.w3.org/1999/xhtml" xml:lang="en" lang="en">
 <head>
  <title>
</title>
<meta http-equiv="Content-Type" content="text/html;charset=utf-8" />
  <meta name='ocr-system' content='tesseract 3.04.00' />
  <meta name='ocr-capabilities' content='ocr_page ocr_carea ocr_par ocr_line ocrx_word'/>
</head>
<body>
  <div class='ocr_page' id='page_1' title='image "./theologiadogmat02fraigoog_0154.png"; bbox 0 0 3025 4725; ppageno 0'>
   <div class='ocr_carea' id='block_1_1' title="bbox 712 635 899 726">
    <p class='ocr_par' dir='ltr' id='par_1_1' title="bbox 712 635 899 726">
     <span class='ocr_line' id='line_1_1' title="bbox 712 635 899 726; baseline 0.016 -2"><span class='ocrx_word' id='word_1_1' title='bbox 712 635 899 726; x_wconf 63' lang='lat' dir='ltr'><strong>-tt-ss</strong></span> 
     </span>
    </p>
   </div>
   <div class='ocr_carea' id='block_1_2' title="bbox 250 799 1398 1722">
    <p class='ocr_par' dir='ltr' id='par_1_2' title="bbox 306 799 1398 1410">
     <span class='ocr_line' id='line_1_2' title="bbox 306 799 1288 888; baseline 0.002 -20"><span class='ocrx_word' id='word_1_2' title='bbox 306 801 506 868; x_wconf 56' lang='lat' dir='ltr'><strong>“vialis</strong></span> <span class='ocrx_word' id='word_1_3' title='bbox 539 811 613 868; x_wconf 87' lang='lat' dir='ltr'><strong>sunt</strong></span> <span class='ocrx_word' id='word_1_4' title='bbox 633 801 809 888; x_wconf 83' lang='lat' dir='ltr'><strong>principia:</strong></span> <span class='ocrx_word' id='word_1_5' title='bbox 844 799 1014 886; x_wconf 85' lang='lat' dir='ltr'><strong>Siquidem</strong></span> <span class='ocrx_word' id='word_1_6' title='bbox 1042 801 1288 873; x_wconf 82' lang='lat' dir='ltr'><strong>observatioest</strong></span> 
     </span>
     <span class='ocr_line' id='line_1_3' title="bbox 311 904 1292 994; baseline 0.004 -22"><span class='ocrx_word' id='word_1_7' title='bbox 311 905 454 972; x_wconf 84' lang='lat' dir='ltr'><strong>conditio</strong></span> <span class='ocrx_word' id='word_1_8' title='bbox 463 904 534 971; x_wconf 86' lang='lat' dir='ltr'><strong>aine</strong></span> <span class='ocrx_word' id='word_1_9' title='bbox 553 909 617 991; x_wconf 81' lang='lat' dir='ltr'><strong>qun</strong></span> <span class='ocrx_word' id='word_1_10' title='bbox 633 905 788 994; x_wconf 84' lang='lat' dir='ltr'><strong>principia</strong></span> <span class='ocrx_word' id='word_1_11' title='bbox 803 927 868 971; x_wconf 91' lang='lat' dir='ltr'><strong>non</strong></span> <span class='ocrx_word' id='word_1_12' title='bbox 886 919 1174 989; x_wconf 85' lang='lat' dir='ltr'><strong>cognoscerentur.</strong></span> <span class='ocrx_word' id='word_1_13' title='bbox 1196 910 1292 976; x_wconf 78' lang='lat' dir='ltr'><strong>Sene</strong></span> 
     </span>
     <span class='ocr_line' id='line_1_4' title="bbox 306 1007 1398 1100; baseline 0.003 -25"><span class='ocrx_word' id='word_1_14' title='bbox 306 1007 585 1076; x_wconf 77' lang='lat' dir='ltr'><strong>iactisobteruatia</strong></span> <span class='ocrx_word' id='word_1_15' title='bbox 606 1029 673 1076; x_wconf 89' lang='lat' dir='ltr'><strong>non</strong></span> <span class='ocrx_word' id='word_1_16' title='bbox 689 1011 907 1089; x_wconf 86' lang='lat' dir='ltr'><strong>deducuntur,</strong></span> <span class='ocrx_word' id='word_1_17' title='bbox 931 1027 991 1075; x_wconf 87' lang='lat' dir='ltr'><strong>nec</strong></span> <span class='ocrx_word' id='word_1_18' title='bbox 1005 1011 1123 1076; x_wconf 89' lang='lat' dir='ltr'><strong>deduci</strong></span> <span class='ocrx_word' id='word_1_19' title='bbox 1137 1024 1295 1100; x_wconf 81' lang='lat' dir='ltr'><strong>possunt.</strong></span> <span class='ocrx_word' id='word_1_20' title='bbox 1397 1013 1398 1016; x_wconf 71' lang='grc'>’</span> 
     </span>
     <span class='ocr_line' id='line_1_5' title="bbox 310 1113 1299 1202; baseline 0.004 -22"><span class='ocrx_word' id='word_1_21' title='bbox 310 1115 406 1182; x_wconf 75' lang='lat' dir='ltr'><strong>Facta</strong></span> <span class='ocrx_word' id='word_1_22' title='bbox 427 1114 515 1180; x_wconf 87' lang='lat' dir='ltr'><strong>enirn</strong></span> <span class='ocrx_word' id='word_1_23' title='bbox 536 1114 703 1182; x_wconf 78' lang='lat' dir='ltr'><strong>observata</strong></span> <span class='ocrx_word' id='word_1_24' title='bbox 725 1125 802 1181; x_wconf 82' lang='lat' dir='ltr'><strong>eunt</strong></span> <span class='ocrx_word' id='word_1_25' title='bbox 824 1113 932 1202; x_wconf 83' lang='lat' dir='ltr'><strong>pauca</strong></span> <span class='ocrx_word' id='word_1_26' title='bbox 953 1130 1094 1180; x_wconf 81' lang='lat' dir='ltr'><strong>numero</strong></span> <span class='ocrx_word' id='word_1_27' title='bbox 1108 1123 1139 1182; x_wconf 87' lang='lat' dir='ltr'><strong>et</strong></span> <span class='ocrx_word' id='word_1_28' title='bbox 1167 1121 1299 1184; x_wconf 87' lang='lat' dir='ltr'><strong>contin-</strong></span> 
     </span>
     <span class='ocr_line' id='line_1_6' title="bbox 312 1217 1302 1306; baseline 0.004 -24"><span class='ocrx_word' id='word_1_29' title='bbox 312 1217 419 1302; x_wconf 89' lang='lat' dir='ltr'><strong>gentia</strong></span> <span class='ocrx_word' id='word_1_30' title='bbox 434 1238 443 1294; x_wconf 91' lang='grc'><strong>;</strong></span> <span class='ocrx_word' id='word_1_31' title='bbox 461 1217 617 1306; x_wconf 83' lang='lat' dir='ltr'><strong>principia</strong></span> <span class='ocrx_word' id='word_1_32' title='bbox 630 1231 739 1287; x_wconf 87' lang='lat' dir='ltr'><strong>autem</strong></span> <span class='ocrx_word' id='word_1_33' title='bbox 755 1217 887 1282; x_wconf 82' lang='lat' dir='ltr'><strong>rationis</strong></span> <span class='ocrx_word' id='word_1_34' title='bbox 904 1217 1076 1283; x_wconf 77' lang='lat' dir='ltr'><strong>inductivas</strong></span> <span class='ocrx_word' id='word_1_35' title='bbox 1100 1227 1185 1284; x_wconf 87' lang='lat' dir='ltr'><strong>sunt</strong></span> <span class='ocrx_word' id='word_1_36' title='bbox 1204 1238 1302 1304; x_wconf 82' lang='lat' dir='ltr'><strong>gene·</strong></span> 
     </span>
     <span class='ocr_line' id='line_1_7' title="bbox 310 1320 1300 1410; baseline 0.005 -25"><span class='ocrx_word' id='word_1_37' title='bbox 310 1320 404 1400; x_wconf 84' lang='lat' dir='ltr'><strong>ralia,</strong></span> <span class='ocrx_word' id='word_1_38' title='bbox 429 1321 583 1410; x_wconf 85' lang='lat' dir='ltr'><strong>principia</strong></span> <span class='ocrx_word' id='word_1_39' title='bbox 599 1323 732 1388; x_wconf 81' lang='lat' dir='ltr'><strong>rationis</strong></span> <span class='ocrx_word' id='word_1_40' title='bbox 748 1320 905 1388; x_wconf 71' lang='lat' dir='ltr'><strong>absolutae</strong></span> <span class='ocrx_word' id='word_1_41' title='bbox 930 1331 1004 1388; x_wconf 78' lang='lat' dir='ltr'><strong>suin</strong></span> <span class='ocrx_word' id='word_1_42' title='bbox 1028 1323 1165 1408; x_wconf 80' lang='lat' dir='ltr'><strong>insuper</strong></span> <span class='ocrx_word' id='word_1_43' title='bbox 1185 1343 1300 1390; x_wconf 81' lang='lat' dir='ltr'><strong>neees-</strong></span> 
     </span>
    </p>

    <p class='ocr_par' dir='ltr' id='par_1_3' title="bbox 250 1421 1301 1722">
     <span class='ocr_line' id='line_1_8' title="bbox 250 1421 1301 1513; baseline 0.004 -23"><span class='ocrx_word' id='word_1_44' title='bbox 250 1465 254 1472; x_wconf 92' lang='lat'><em>·</em></span> <span class='ocrx_word' id='word_1_45' title='bbox 308 1425 410 1491; x_wconf 82' lang='lat' dir='ltr'><strong>saria.</strong></span> <span class='ocrx_word' id='word_1_46' title='bbox 428 1425 566 1492; x_wconf 78' lang='lat' dir='ltr'><strong>Proinde</strong></span> <span class='ocrx_word' id='word_1_47' title='bbox 575 1421 729 1513; x_wconf 82' lang='lat' dir='ltr'><strong>principia</strong></span> <span class='ocrx_word' id='word_1_48' title='bbox 744 1427 877 1492; x_wconf 84' lang='lat' dir='ltr'><strong>rationis</strong></span> <span class='ocrx_word' id='word_1_49' title='bbox 893 1427 1064 1493; x_wconf 83' lang='lat' dir='ltr'><strong>inductlroe</strong></span> <span class='ocrx_word' id='word_1_50' title='bbox 1077 1425 1301 1494; x_wconf 56' lang='lat' dir='ltr'><strong>*et&#39;absolntoe</strong></span> 
     </span>
     <span class='ocr_line' id='line_1_9' title="bbox 314 1526 1297 1614; baseline 0 -19"><span class='ocrx_word' id='word_1_51' title='bbox 314 1549 380 1596; x_wconf 93' lang='lat' dir='ltr'><strong>non</strong></span> <span class='ocrx_word' id='word_1_52' title='bbox 410 1529 618 1597; x_wconf 85' lang='lat' dir='ltr'><strong>deducuntur</strong></span> <span class='ocrx_word' id='word_1_53' title='bbox 648 1548 687 1595; x_wconf 84' lang='lat' dir='ltr'><strong>ex</strong></span> <span class='ocrx_word' id='word_1_54' title='bbox 713 1527 939 1596; x_wconf 87' lang='lat' dir='ltr'><strong>observatione</strong></span> <span class='ocrx_word' id='word_1_55' title='bbox 972 1547 1030 1614; x_wconf 88' lang='lat' dir='ltr'><strong>per</strong></span> <span class='ocrx_word' id='word_1_56' title='bbox 1063 1526 1297 1606; x_wconf 65' lang='lat' dir='ltr'><strong>ratiocinium</strong></span> 
     </span>
     <span class='ocr_line' id='line_1_10' title="bbox 314 1631 1299 1722; baseline 0 -24"><span class='ocrx_word' id='word_1_57' title='bbox 314 1635 464 1702; x_wconf 87' lang='lat' dir='ltr'><strong>oriuntur</strong></span> <span class='ocrx_word' id='word_1_58' title='bbox 472 1655 551 1720; x_wconf 84' lang='lat' dir='ltr'><strong>ergo</strong></span> <span class='ocrx_word' id='word_1_59' title='bbox 562 1657 601 1702; x_wconf 81' lang='lat' dir='ltr'><strong>er</strong></span> <span class='ocrx_word' id='word_1_60' title='bbox 611 1635 713 1722; x_wconf 86' lang='lat' dir='ltr'><strong>ipsius</strong></span> <span class='ocrx_word' id='word_1_61' title='bbox 728 1633 910 1699; x_wconf 88' lang='lat' dir='ltr'><strong>testimonio</strong></span> <span class='ocrx_word' id='word_1_62' title='bbox 920 1632 1066 1698; x_wconf 80' lang='lat' dir='ltr'><strong>rationis,</strong></span> <span class='ocrx_word' id='word_1_63' title='bbox 1078 1631 1173 1697; x_wconf 82' lang='lat' dir='ltr'><strong>ilatio</strong></span> <span class='ocrx_word' id='word_1_64' title='bbox 1189 1641 1299 1700; x_wconf 86' lang='lat' dir='ltr'><strong>autern</strong></span> 
     </span>
    </p>
   </div>
   <div class='ocr_carea' id='block_1_3' title="bbox 313 1733 1398 2288">
    <p class='ocr_par' dir='ltr' id='par_1_4' title="bbox 313 1733 1298 2029">
     <span class='ocr_line' id='line_1_11' title="bbox 316 1733 1298 1823; baseline 0.001 -20"><span class='ocrx_word' id='word_1_65' title='bbox 316 1736 453 1806; x_wconf 82' lang='lat' dir='ltr'><strong>affirmat</strong></span> <span class='ocrx_word' id='word_1_66' title='bbox 468 1759 582 1806; x_wconf 85' lang='lat' dir='ltr'><strong>eornm</strong></span> <span class='ocrx_word' id='word_1_67' title='bbox 598 1736 859 1823; x_wconf 82' lang='lat' dir='ltr'><strong>objectivitatem,</strong></span> <span class='ocrx_word' id='word_1_68' title='bbox 876 1736 931 1802; x_wconf 83' lang='lat' dir='ltr'><strong>eoi</strong></span> <span class='ocrx_word' id='word_1_69' title='bbox 943 1733 1173 1802; x_wconf 86' lang='lat' dir='ltr'><strong>invincibiliter</strong></span> <span class='ocrx_word' id='word_1_70' title='bbox 1189 1739 1298 1804; x_wconf 72' lang='lat' dir='ltr'><strong>adhc·</strong></span> 
     </span>
     <span class='ocr_line' id='line_1_12' title="bbox 316 1839 1298 1929; baseline -0.003 -21"><span class='ocrx_word' id='word_1_71' title='bbox 316 1855 367 1908; x_wconf 91' lang='lat' dir='ltr'><strong>ret</strong></span> <span class='ocrx_word' id='word_1_72' title='bbox 385 1862 477 1908; x_wconf 85' lang='lat' dir='ltr'><strong>meno</strong></span> <span class='ocrx_word' id='word_1_73' title='bbox 510 1843 664 1906; x_wconf 85' lang='lat' dir='ltr'><strong>humana.</strong></span> <span class='ocrx_word' id='word_1_74' title='bbox 690 1840 913 1906; x_wconf 78' lang='lat' dir='ltr'><strong>Admittendus</strong></span> <span class='ocrx_word' id='word_1_75' title='bbox 937 1857 1013 1923; x_wconf 91' lang='lat' dir='ltr'><strong>ergo</strong></span> <span class='ocrx_word' id='word_1_76' title='bbox 1046 1839 1166 1906; x_wconf 76' lang='lat' dir='ltr'><strong>lacrum</strong></span> <span class='ocrx_word' id='word_1_77' title='bbox 1185 1843 1298 1929; x_wconf 88' lang='lat' dir='ltr'><strong>prinei·</strong></span> 
     </span>
     <span class='ocr_line' id='line_1_13' title="bbox 313 1940 1292 2029; baseline -0.003 -20"><span class='ocrx_word' id='word_1_78' title='bbox 313 1946 446 2029; x_wconf 85' lang='lat' dir='ltr'><strong>piorum</strong></span> <span class='ocrx_word' id='word_1_79' title='bbox 456 1942 546 2009; x_wconf 84' lang='lat' dir='ltr'><strong>valor</strong></span> <span class='ocrx_word' id='word_1_80' title='bbox 557 1940 746 2028; x_wconf 80' lang='lat' dir='ltr'><strong>objectivus,</strong></span> <span class='ocrx_word' id='word_1_81' title='bbox 765 1956 820 2009; x_wconf 85' lang='lat' dir='ltr'><strong>aut</strong></span> <span class='ocrx_word' id='word_1_82' title='bbox 837 1942 1039 2010; x_wconf 79' lang='lat' dir='ltr'><strong>deonanibns</strong></span> <span class='ocrx_word' id='word_1_83' title='bbox 1061 1942 1292 2010; x_wconf 81' lang='lat' dir='ltr'><strong>dubitandum.</strong></span> 
     </span>
    </p>

    <p class='ocr_par' dir='ltr' id='par_1_5' title="bbox 317 2045 1398 2238">
     <span class='ocr_line' id='line_1_14' title="bbox 358 2045 1398 2134; baseline 0.005 -26"><span class='ocrx_word' id='word_1_84' title='bbox 358 2047 400 2108; x_wconf 66' lang='lat'><strong>9⁰</strong></span> <span class='ocrx_word' id='word_1_85' title='bbox 415 2045 505 2110; x_wconf 84' lang='lat' dir='ltr'><strong>Falsa</strong></span> <span class='ocrx_word' id='word_1_86' title='bbox 524 2052 601 2110; x_wconf 83' lang='lat' dir='ltr'><strong>sunt</strong></span> <span class='ocrx_word' id='word_1_87' title='bbox 615 2047 832 2114; x_wconf 77' lang='lat' dir='ltr'><strong>consectaria:</strong></span> <span class='ocrx_word' id='word_1_88' title='bbox 851 2047 907 2115; x_wconf 89' lang='lat' dir='ltr'><strong>Vel</strong></span> <span class='ocrx_word' id='word_1_89' title='bbox 931 2045 1105 2111; x_wconf 64' lang='lat' dir='ltr'><strong>adrusarii</strong></span> <span class='ocrx_word' id='word_1_90' title='bbox 1130 2049 1291 2134; x_wconf 82' lang='lat' dir='ltr'><strong>rejiciunt,</strong></span> <span class='ocrx_word' id='word_1_91' title='bbox 1397 2087 1398 2092; x_wconf 22' lang='grc' dir='ltr'><strong>κ</strong></span> 
     </span>
     <span class='ocr_line' id='line_1_15' title="bbox 317 2148 1291 2288; baseline 0.002 -74"><span class='ocrx_word' id='word_1_92' title='bbox 317 2148 368 2214; x_wconf 87' lang='lat' dir='ltr'><strong>rel</strong></span> <span class='ocrx_word' id='word_1_93' title='bbox 396 2148 569 2214; x_wconf 87' lang='lat' dir='ltr'><strong>admittunt</strong></span> <span class='ocrx_word' id='word_1_94' title='bbox 595 2151 735 2216; x_wconf 86' lang='lat' dir='ltr'><strong>valorem</strong></span> <span class='ocrx_word' id='word_1_95' title='bbox 761 2151 955 2238; x_wconf 74' lang='lat' dir='ltr'><strong>oblectivurn</strong></span> <span class='ocrx_word' id='word_1_96' title='bbox 982 2151 1203 2288; x_wconf 69' lang='lat' dir='ltr'><strong>perceptionis</strong></span> <span class='ocrx_word' id='word_1_97' title='bbox 1221 2169 1291 2219; x_wconf 87' lang='lat' dir='ltr'><strong>sen·</strong></span> 
     </span>
    </p>
   </div>
   <div class='ocr_carea' id='block_1_4' title="bbox 319 2271 493 2319">
    <p class='ocr_par' dir='ltr' id='par_1_6' title="bbox 319 2271 493 2319">
     <span class='ocr_line' id='line_1_16' title="bbox 319 2271 493 2319; baseline 0.017 -3"><span class='ocrx_word' id='word_1_98' title='bbox 319 2271 429 2319; x_wconf 85' lang='lat' dir='ltr'><strong>suum</strong></span> <span class='ocrx_word' id='word_1_99' title='bbox 490 2282 493 2286; x_wconf 78' lang='grc'><em>’</em></span> 
     </span>
    </p>
   </div>
   <div class='ocr_carea' id='block_1_5' title="bbox 211 2357 1398 4019">
    <p class='ocr_par' dir='ltr' id='par_1_7' title="bbox 213 2357 1398 3074">
     <span class='ocr_line' id='line_1_17' title="bbox 363 2357 1398 2447; baseline -0.001 -22"><span class='ocrx_word' id='word_1_100' title='bbox 363 2357 396 2425; x_wconf 83' lang='lat' dir='ltr'><strong>Si</strong></span> <span class='ocrx_word' id='word_1_101' title='bbox 418 2357 564 2447; x_wconf 75' lang='lat' dir='ltr'><strong>rejiciant</strong></span> <span class='ocrx_word' id='word_1_102' title='bbox 588 2361 678 2429; x_wconf 82' lang='lat' dir='ltr'><strong>hune</strong></span> <span class='ocrx_word' id='word_1_103' title='bbox 696 2362 860 2428; x_wconf 76' lang='lat' dir='ltr'><strong>valonama</strong></span> <span class='ocrx_word' id='word_1_104' title='bbox 880 2362 1110 2429; x_wconf 84' lang='lat' dir='ltr'><strong>Conducuntnr</strong></span> <span class='ocrx_word' id='word_1_105' title='bbox 1125 2364 1164 2429; x_wconf 90' lang='lat' dir='ltr'><strong>ad</strong></span> <span class='ocrx_word' id='word_1_106' title='bbox 1184 2362 1283 2442; x_wconf 75' lang='lat' dir='ltr'><strong>Egois-</strong></span> <span class='ocrx_word' id='word_1_107' title='bbox 1397 2362 1398 2365; x_wconf 74' lang='grc'>’</span> 
     </span>
     <span class='ocr_line' id='line_1_18' title="bbox 319 2459 1275 2553; baseline -0.009 -23"><span class='ocrx_word' id='word_1_108' title='bbox 319 2464 647 2553; x_wconf 62' lang='lat' dir='ltr'><strong>transmutentur</strong></span> <span class='ocrx_word' id='word_1_109' title='bbox 666 2480 752 2533; x_wconf 85' lang='lat' dir='ltr'><strong>extra</strong></span> <span class='ocrx_word' id='word_1_110' title='bbox 763 2480 904 2533; x_wconf 77' lang='lat' dir='ltr'><strong>mentem</strong></span> <span class='ocrx_word' id='word_1_111' title='bbox 922 2467 1069 2535; x_wconf 74' lang='lat' dir='ltr'><strong>existeret</strong></span> <span class='ocrx_word' id='word_1_112' title='bbox 1085 2466 1210 2537; x_wconf 71' lang='lat' dir='ltr'><strong>realitaa</strong></span> <span class='ocrx_word' id='word_1_113' title='bbox 1228 2459 1275 2523; x_wconf 85' lang='lat' dir='ltr'><strong>vel</strong></span> 
     </span>
     <span class='ocr_line' id='line_1_19' title="bbox 277 2560 1272 2661; baseline -0.019 -18"><span class='ocrx_word' id='word_1_114' title='bbox 277 2638 280 2643; x_wconf 88' lang='lat'>.</span> <span class='ocrx_word' id='word_1_115' title='bbox 318 2572 526 2659; x_wconf 55' lang='lat' dir='ltr'><strong>carpamns!</strong></span> <span class='ocrx_word' id='word_1_116' title='bbox 543 2574 684 2661; x_wconf 87' lang='lat' dir='ltr'><strong>spiritus.</strong></span> <span class='ocrx_word' id='word_1_117' title='bbox 706 2574 867 2660; x_wconf 76' lang='lat' dir='ltr'><strong>Atqui,-</strong></span> <span class='ocrx_word' id='word_1_118' title='bbox 881 2572 950 2637; x_wconf 86' lang='lat' dir='ltr'><strong>lion</strong></span> <span class='ocrx_word' id='word_1_119' title='bbox 963 2588 1114 2659; x_wconf 82' lang='lat' dir='ltr'><strong>corpora:</strong></span> <span class='ocrx_word' id='word_1_120' title='bbox 1136 2571 1204 2631; x_wconf 83' lang='lat' dir='ltr'><strong>eiam</strong></span> <span class='ocrx_word' id='word_1_121' title='bbox 1218 2560 1272 2625; x_wconf 88' lang='lat' dir='ltr'><strong>ad-</strong></span> 
     </span>
     <span class='ocr_line' id='line_1_20' title="bbox 319 2671 1280 2764; baseline -0.01 -25"><span class='ocrx_word' id='word_1_122' title='bbox 319 2678 450 2745; x_wconf 75' lang='lat' dir='ltr'><strong>versarii</strong></span> <span class='ocrx_word' id='word_1_123' title='bbox 473 2693 595 2764; x_wconf 80' lang='lat' dir='ltr'><strong>negent</strong></span> <span class='ocrx_word' id='word_1_124' title='bbox 609 2679 752 2747; x_wconf 84' lang='lat' dir='ltr'><strong>valorem</strong></span> <span class='ocrx_word' id='word_1_125' title='bbox 775 2671 1194 2763; x_wconf 76' lang='lat' dir='ltr'><strong>objectivumperoc&#39;ptinnia</strong></span> <span class='ocrx_word' id='word_1_126' title='bbox 1211 2684 1280 2733; x_wconf 87' lang='lat' dir='ltr'><strong>sen·</strong></span> 
     </span>
     <span class='ocr_line' id='line_1_21' title="bbox 213 2767 1284 2869; baseline 0.001 -26"><span class='ocrx_word' id='word_1_127' title='bbox 213 2767 215 2774; x_wconf 46' lang='lat'><strong>¹</strong></span> <span class='ocrx_word' id='word_1_128' title='bbox 306 2799 428 2860; x_wconf 79' lang='lat' dir='ltr'><strong>suurn,</strong></span> <span class='ocrx_word' id='word_1_129' title='bbox 458 2795 632 2869; x_wconf 81' lang='lat' dir='ltr'><strong>perquam</strong></span> <span class='ocrx_word' id='word_1_130' title='bbox 663 2785 767 2849; x_wconf 86' lang='lat' dir='ltr'><strong>sulam</strong></span> <span class='ocrx_word' id='word_1_131' title='bbox 792 2782 933 2848; x_wconf 83' lang='lat' dir='ltr'><strong>realitae·</strong></span> <span class='ocrx_word' id='word_1_132' title='bbox 950 2797 1123 2868; x_wconf 87' lang='lat' dir='ltr'><strong>corporum</strong></span> <span class='ocrx_word' id='word_1_133' title='bbox 1143 2769 1284 2861; x_wconf 74' lang='lat' dir='ltr'><strong>cognosti</strong></span> 
     </span>
     <span class='ocr_line' id='line_1_22' title="bbox 320 2876 1287 2971; baseline -0.008 -22"><span class='ocrx_word' id='word_1_134' title='bbox 320 2886 554 2969; x_wconf 70' lang='lat' dir='ltr'><strong>potest-lion</strong></span> <span class='ocrx_word' id='word_1_135' title='bbox 566 2888 713 2970; x_wconf 78' lang='lat' dir='ltr'><strong>spiritus:</strong></span> <span class='ocrx_word' id='word_1_136' title='bbox 726 2890 790 2953; x_wconf 79' lang='lat' dir='ltr'><strong>llos</strong></span> <span class='ocrx_word' id='word_1_137' title='bbox 804 2888 888 2951; x_wconf 87' lang='lat' dir='ltr'><strong>enim</strong></span> <span class='ocrx_word' id='word_1_138' title='bbox 899 2886 1080 2971; x_wconf 78' lang='lat' dir='ltr'><strong>spirituales</strong></span> <span class='ocrx_word' id='word_1_139' title='bbox 1090 2876 1287 2950; x_wconf 76' lang='lat' dir='ltr'><strong>solummodo</strong></span> 
     </span>
     <span class='ocr_line' id='line_1_23' title="bbox 319 2984 1288 3074; baseline 0 -27"><span class='ocrx_word' id='word_1_140' title='bbox 319 2998 455 3068; x_wconf 81' lang='lat' dir='ltr'><strong>possunt</strong></span> <span class='ocrx_word' id='word_1_141' title='bbox 469 2986 600 3068; x_wconf 86' lang='lat' dir='ltr'><strong>probari</strong></span> <span class='ocrx_word' id='word_1_142' title='bbox 617 2990 845 3071; x_wconf 74' lang='lat' dir='ltr'><strong>patrationem</strong></span> <span class='ocrx_word' id='word_1_143' title='bbox 859 2990 1054 3068; x_wconf 70' lang='lat' dir='ltr'><strong>absolutam,</strong></span> <span class='ocrx_word' id='word_1_144' title='bbox 1075 2989 1167 3074; x_wconf 72' lang='lat' dir='ltr'><strong>cuius</strong></span> <span class='ocrx_word' id='word_1_145' title='bbox 1182 2984 1288 3051; x_wconf 75' lang='lat' dir='ltr'><strong>advo-</strong></span> 
     </span>
    </p>

    <p class='ocr_par' dir='ltr' id='par_1_8' title="bbox 211 3084 1398 3387">
     <span class='ocr_line' id='line_1_24' title="bbox 211 3084 1398 3173; baseline 0.008 -28"><span class='ocrx_word' id='word_1_146' title='bbox 211 3142 254 3173; x_wconf 80' lang='lat' dir='ltr'><strong> </strong></span> <span class='ocrx_word' id='word_1_147' title='bbox 321 3084 556 3171; x_wconf 87' lang='lat' dir='ltr'><strong>sariirejioinnt</strong></span> <span class='ocrx_word' id='word_1_148' title='bbox 570 3088 725 3154; x_wconf 82' lang='lat' dir='ltr'><strong>valerent.</strong></span> <span class='ocrx_word' id='word_1_149' title='bbox 740 3092 878 3158; x_wconf 77' lang='lat' dir='ltr'><strong>Proinde</strong></span> <span class='ocrx_word' id='word_1_150' title='bbox 890 3092 1112 3159; x_wconf 80' lang='lat' dir='ltr'><strong>universalitas</strong></span> <span class='ocrx_word' id='word_1_151' title='bbox 1129 3100 1289 3158; x_wconf 66' lang='lat' dir='ltr'><strong>rerumre-</strong></span> <span class='ocrx_word' id='word_1_152' title='bbox 1397 3090 1398 3129; x_wconf 74' lang='lat'>³</span> 
     </span>
     <span class='ocr_line' id='line_1_25' title="bbox 322 3188 1291 3286; baseline -0.004 -33"><span class='ocrx_word' id='word_1_153' title='bbox 322 3189 449 3256; x_wconf 86' lang='lat' dir='ltr'><strong>ducitur</strong></span> <span class='ocrx_word' id='word_1_154' title='bbox 470 3192 515 3257; x_wconf 88' lang='lat' dir='ltr'><strong>ad</strong></span> <span class='ocrx_word' id='word_1_155' title='bbox 541 3192 629 3286; x_wconf 86' lang='lat' dir='ltr'><strong>ideas</strong></span> <span class='ocrx_word' id='word_1_156' title='bbox 650 3196 786 3275; x_wconf 88' lang='lat' dir='ltr'><strong>mentis;</strong></span> <span class='ocrx_word' id='word_1_157' title='bbox 814 3196 882 3262; x_wconf 82' lang='lat' dir='ltr'><strong>imo</strong></span> <span class='ocrx_word' id='word_1_158' title='bbox 906 3197 1155 3263; x_wconf 83' lang='lat' dir='ltr'><strong>substantialitas</strong></span> <span class='ocrx_word' id='word_1_159' title='bbox 1173 3188 1291 3260; x_wconf 85' lang='lat' dir='ltr'><strong>rnentis</strong></span> 
     </span>
     <span class='ocr_line' id='line_1_26' title="bbox 321 3296 1292 3409; baseline -0.008 -46"><span class='ocrx_word' id='word_1_160' title='bbox 321 3296 419 3365; x_wconf 80' lang='lat' dir='ltr'><strong>dubia</strong></span> <span class='ocrx_word' id='word_1_161' title='bbox 433 3307 492 3379; x_wconf 87' lang='lat' dir='ltr'><strong>est,</strong></span> <span class='ocrx_word' id='word_1_162' title='bbox 507 3298 699 3387; x_wconf 84' lang='lat' dir='ltr'><strong>siprincipia</strong></span> <span class='ocrx_word' id='word_1_163' title='bbox 716 3302 864 3368; x_wconf 83' lang='lat' dir='ltr'><strong>absoluto</strong></span> <span class='ocrx_word' id='word_1_164' title='bbox 875 3322 940 3369; x_wconf 87' lang='lat' dir='ltr'><strong>non</strong></span> <span class='ocrx_word' id='word_1_165' title='bbox 953 3302 1015 3367; x_wconf 86' lang='lat' dir='ltr'><strong>sint</strong></span> <span class='ocrx_word' id='word_1_166' title='bbox 1027 3302 1185 3387; x_wconf 65' lang='lat' dir='ltr'><strong>obtectae</strong></span> <span class='ocrx_word' id='word_1_167' title='bbox 1202 3306 1292 3409; x_wconf 83' lang='lat' dir='ltr'><strong>certa,</strong></span> 
     </span>
    </p>

    <p class='ocr_par' dir='ltr' id='par_1_9' title="bbox 258 3403 1398 3527">
     <span class='ocr_line' id='line_1_27' title="bbox 258 3403 1398 3527; baseline 0.008 -60"><span class='ocrx_word' id='word_1_168' title='bbox 258 3463 262 3467; x_wconf 78' lang='grc'><em>.</em></span> <span class='ocrx_word' id='word_1_169' title='bbox 322 3410 461 3488; x_wconf 72' lang='lat' dir='ltr'><strong>artsnpra</strong></span> <span class='ocrx_word' id='word_1_170' title='bbox 477 3403 621 3470; x_wconf 72' lang='lat' dir='ltr'><strong>diximus</strong></span> <span class='ocrx_word' id='word_1_171' title='bbox 638 3406 696 3484; x_wconf 76' lang='lat' dir='ltr'><strong>(lta</strong></span> <span class='ocrx_word' id='word_1_172' title='bbox 709 3406 846 3493; x_wconf 80' lang='lat' dir='ltr'><strong>Hunno)</strong></span> <span class='ocrx_word' id='word_1_173' title='bbox 1397 3464 1398 3527; x_wconf 72' lang='lat' dir='ltr'><strong>t</strong></span> 
     </span>
    </p>

    <p class='ocr_par' dir='ltr' id='par_1_10' title="bbox 301 3498 1398 3647">
     <span class='ocr_line' id='line_1_28' title="bbox 301 3498 1398 3647; baseline 0.003 -79"><span class='ocrx_word' id='word_1_174' title='bbox 301 3523 304 3529; x_wconf 88' lang='lat'>·</span> <span class='ocrx_word' id='word_1_175' title='bbox 351 3504 486 3570; x_wconf 80' lang='lat' dir='ltr'><strong>Porro</strong></span> <span class='ocrx_word' id='word_1_176' title='bbox 473 3525 540 3589; x_wconf 66' lang='lat' dir='ltr'><strong>garn</strong></span> <span class='ocrx_word' id='word_1_177' title='bbox 555 3498 694 3574; x_wconf 79' lang='lat' dir='ltr'><strong>vidimus</strong></span> <span class='ocrx_word' id='word_1_178' title='bbox 709 3514 871 3595; x_wconf 78' lang='lat' dir='ltr'><strong>quantum</strong></span> <span class='ocrx_word' id='word_1_179' title='bbox 882 3510 1057 3593; x_wconf 81' lang='lat' dir='ltr'><strong>Egoisnrus</strong></span> <span class='ocrx_word' id='word_1_180' title='bbox 1064 3515 1227 3647; x_wconf 79' lang='lat' dir='ltr'><strong>repugnet</strong></span> <span class='ocrx_word' id='word_1_181' title='bbox 1241 3520 1295 3569; x_wconf 84' lang='lat' dir='ltr'><strong>nn</strong></span> <span class='ocrx_word' id='word_1_182' title='bbox 1397 3552 1398 3563; x_wconf 34' lang='lat' dir='ltr'><strong>t</strong></span> 
     </span>
    </p>

    <p class='ocr_par' dir='ltr' id='par_1_11' title="bbox 321 3610 1027 3683">
     <span class='ocr_line' id='line_1_29' title="bbox 321 3610 1027 3683; baseline 0.01 -12"><span class='ocrx_word' id='word_1_183' title='bbox 321 3610 603 3683; x_wconf 82' lang='lat' dir='ltr'><strong>turaehumanae</strong></span> <span class='ocrx_word' id='word_1_184' title='bbox 941 3669 944 3673; x_wconf 95' lang='lat'><em>.</em></span> <span class='ocrx_word' id='word_1_185' title='bbox 1023 3644 1027 3649; x_wconf 93' lang='lat'><em>·</em></span> 
     </span>
    </p>

    <p class='ocr_par' dir='ltr' id='par_1_12' title="bbox 363 3713 1296 3807">
     <span class='ocr_line' id='line_1_30' title="bbox 363 3713 1296 3807; baseline 0.002 -30"><span class='ocrx_word' id='word_1_186' title='bbox 363 3713 397 3778; x_wconf 90' lang='lat' dir='ltr'><strong>Si</strong></span> <span class='ocrx_word' id='word_1_187' title='bbox 422 3716 589 3782; x_wconf 85' lang='lat' dir='ltr'><strong>admittant</strong></span> <span class='ocrx_word' id='word_1_188' title='bbox 609 3719 759 3787; x_wconf 86' lang='lat' dir='ltr'><strong>valorem</strong></span> <span class='ocrx_word' id='word_1_189' title='bbox 774 3720 968 3806; x_wconf 83' lang='lat' dir='ltr'><strong>objectivunr</strong></span> <span class='ocrx_word' id='word_1_190' title='bbox 987 3718 1204 3807; x_wconf 72' lang='lat' dir='ltr'><strong>perceptionis</strong></span> <span class='ocrx_word' id='word_1_191' title='bbox 1224 3732 1296 3781; x_wconf 82' lang='lat' dir='ltr'><strong>sen·</strong></span> 
     </span>
    </p>

    <p class='ocr_par' dir='ltr' id='par_1_13' title="bbox 321 3816 1398 3907">
     <span class='ocr_line' id='line_1_31' title="bbox 321 3816 1398 3907; baseline 0.003 -26"><span class='ocrx_word' id='word_1_192' title='bbox 321 3818 646 3905; x_wconf 77' lang='lat' dir='ltr'><strong>suumzlndueuntur</strong></span> <span class='ocrx_word' id='word_1_193' title='bbox 657 3826 697 3888; x_wconf 90' lang='lat' dir='ltr'><strong>ad</strong></span> <span class='ocrx_word' id='word_1_194' title='bbox 709 3825 1096 3904; x_wconf 77' lang='lat' dir='ltr'><strong>Materialisrnunr3.cirnr</strong></span> <span class='ocrx_word' id='word_1_195' title='bbox 1125 3842 1178 3888; x_wconf 84' lang='lat' dir='ltr'><strong>ros</strong></span> <span class='ocrx_word' id='word_1_196' title='bbox 1204 3816 1295 3907; x_wconf 86' lang='lat' dir='ltr'><strong>spiri·</strong></span> <span class='ocrx_word' id='word_1_197' title='bbox 1397 3836 1398 3877; x_wconf 62' lang='lat' dir='ltr'><strong>t</strong></span> 
     </span>
    </p>

    <p class='ocr_par' dir='ltr' id='par_1_14' title="bbox 220 3921 1398 4019">
     <span class='ocr_line' id='line_1_32' title="bbox 220 3921 1398 4019; baseline 0.003 -31"><span class='ocrx_word' id='word_1_198' title='bbox 220 3955 222 3960; x_wconf 96' lang='lat'>·</span> <span class='ocrx_word' id='word_1_199' title='bbox 320 3921 422 3989; x_wconf 83' lang='lat' dir='ltr'><strong>tuales</strong></span> <span class='ocrx_word' id='word_1_200' title='bbox 438 3944 496 4013; x_wconf 89' lang='lat' dir='ltr'><strong>per</strong></span> <span class='ocrx_word' id='word_1_201' title='bbox 505 3925 659 4014; x_wconf 86' lang='lat' dir='ltr'><strong>principia</strong></span> <span class='ocrx_word' id='word_1_202' title='bbox 673 3928 817 3993; x_wconf 86' lang='lat' dir='ltr'><strong>absoluto</strong></span> <span class='ocrx_word' id='word_1_203' title='bbox 830 3930 894 3998; x_wconf 87' lang='lat' dir='ltr'><strong>sola</strong></span> <span class='ocrx_word' id='word_1_204' title='bbox 908 3930 1037 4016; x_wconf 90' lang='lat' dir='ltr'><strong>probari</strong></span> <span class='ocrx_word' id='word_1_205' title='bbox 1051 3926 1297 4019; x_wconf 66' lang='lat' dir='ltr'><strong>pessinuntio</strong></span> <span class='ocrx_word' id='word_1_206' title='bbox 1397 3932 1398 3977; x_wconf 71' lang='lat' dir='ltr'><strong>i</strong></span> 
     </span>
    </p>
   </div>
   <div class='ocr_carea' id='block_1_6' title="bbox 0 0 1526 4725">
    <p class='ocr_par' dir='ltr' id='par_1_15' title="bbox 0 0 1526 4725">
     <span class='ocr_line' id='line_1_33' title="bbox 0 0 1526 4725; baseline 0 0"><span class='ocrx_word' id='word_1_207' title='bbox 0 0 1526 4725; x_wconf 95' lang='lat' dir='ltr'><strong> </strong></span> 
     </span>
    </p>
   </div>
  </div>
 </body>
</html>
