3025 4725
95 287 1396 568 --t

319 675 324 686 .
683 593 861 658 -rr-
1394 521 1398 686 l

286 731 328 796 de
357 729 428 821 ejus
454 730 579 816 origine
594 730 721 812 diuiot3
739 732 934 800 miraculum
955 745 1065 802 autem
1083 756 1280 828 conpareat
1396 696 1399 776 d

286 836 417 924 probari
442 856 523 926 opua
540 838 698 918 divinum,
727 838 790 906 nisi
806 839 896 927 priua
919 839 1053 926 probata
1079 842 1178 912 suerit
1200 849 1274 934 ejus
1399 833 1400 844 ἵ

286 945 404 1012 veritat
418 947 583 1016 historica.
1132 1001 1137 1008 .
1248 977 1272 1010 .-

329 1052 442 1132 Porro,
460 1055 574 1122 veritas
593 1055 745 1122 bistcricc
769 1054 916 1122 miraculi
935 1055 1050 1122 iiadcm
1062 1061 1283 1142 'argumentis

288 1157 402 1224 nititur
412 1161 533 1247 quibua
543 1162 658 1228 veritas
667 1161 818 1227 historica
831 1159 1005 1247 cujustibet
1020 1159 1092 1232 sacti
1111 1163 1282 1246 historici,

292 1264 423 1345 scilicet,
443 1267 626 1334 testimonio
642 1267 841 1346 immediato,
860 1266 910 1332 vel
930 1267 1085 1334 mediato.

244 1409 247 1415 ·
336 1372 371 1437 9.
385 1373 531 1463 seposita
547 1375 690 1442 semota
705 1373 902 1453 conditione,
918 1373 1050 1452 scilicet,
1065 1374 1091 1439 si
1109 1394 1175 1440 oon
1185 1395 1285 1445 cans-

293 1487 337 1544 tet
353 1479 394 1547 de
410 1482 534 1568 origine
562 1481 670 1550 divina
691 1479 858 1547 miraculi:
874 1477 954 1545 ldcd
970 1480 1056 1546 enim
1078 1479 1285 1551 miraculum

292 1585 408 1672 probat
422 1589 620 1656 diuinitatem
636 1587 804 1665 doctrinm,
817 1586 892 1672 quia
904 1585 1074 1672 arquivalet
1089 1586 1283 1656 testimonio

293 1694 424 1774 divin03
445 1717 542 1782 porro
559 1717 625 1762 non
651 1691 859 1780 aequivaleret
891 1691 1073 1760 testimonio
1097 1692 1225 1772 divino,
1253 1697 1282 1762 si

296 1823 360 1867 non
377 1801 516 1870 oriretur
531 1806 549 1868 ir
565 1802 648 1867 Deo.

338 1906 385 1971 Ad
407 1905 608 1992 probandam
636 1911 745 1969 autem
765 1901 923 1990 'originem
948 1902 1088 1969 divinam
1113 1907 1275 1986 miraculi,

296 2011 533 2075 ostendendum
550 2021 598 2074 est
612 2008 805 2076 miraculum
819 2029 883 2074 non
897 2007 973 2074 oriri
986 2012 1003 2074 a
1017 2016 1114 2074 causa
1128 2011 1280 2090 naturali,

295 2117 314 2176 ‘a
330 2118 428 2177 causa
441 2111 596 2192 humana,
612 2119 631 2176 a
645 2115 742 2178 causi
760 2111 931 2180 diabolici.
945 2149 987 2161 -
1004 2112 1164 2183 Probatur
1179 2116 1278 2180 mira*-

297 2215 407 2281 culum
424 2237 487 2282 non
511 2216 631 2283 babere
648 2237 780 2284 causam
804 2217 996 2298 naturalem,
1020 2217 1046 2284 si
1072 2226 1184 2284 natura
1201 2219 1275 2285 laeti

297 2322 446 2411 producti
461 2322 944 2414 opponaturnaturaalaetorum
961 2332 1195 2391 consuetarum.
1211 2323 1271 2387 Pa-

297 2442 341 2493 tct
356 2429 443 2495 enim
456 2432 604 2498 eamdem
616 2452 747 2498 causam
761 2448 826 2496 nan
838 2450 931 2517 posse
948 2431 981 2497 in
994 2430 1100 2497 iisdem
1115 2426 1264 2490 circums-

295 2537 403 2603 tantiis
415 2540 596 2625 producere
612 2538 743 2606 effectus
760 2544 875 2603 natura
891 2543 949 2603 sua
964 2532 1176 2624 oppositos.-
1190 2529 1263 2594 Pro·

202 2708 205 2715 .
295 2645 392 2711 batur
407 2666 537 2714 causam
558 2646 630 2713 iacti
647 2667 712 2712 non
729 2664 800 2711 esse
822 2642 1020 2721 humanam,
1040 2642 1065 2707 si
1087 2636 1270 2705 ostendatur

297 2752 417 2818 lactum
432 2757 627 2839 productum
644 2752 800 2818 excedere
823 2748 1031 2835 capacitatem
1047 2747 1221 2811 humanam
1243 2743 1276 2805 in

296 2879 348 2937 se,
370 2872 427 2926 aut
440 2861 556 2945 ¹quoad
573 2854 965 2945 modumprotluctionis.
990 2853 1055 2930 Sic,
1075 2872 1105 2917 u.
1123 2870 1156 2933 g.
1175 2868 1278 2915 resur-

297 2964 400 3025 rectio
419 2964 720 3028 martuiccidenter
739 2962 865 3031 excedit
880 2960 963 3025 uires
980 2958 1140 3023 humanas
1163 2957 1194 3020 in
1217 2974 1273 3028 se;

252 3121 257 3127 ,
298 3066 422 3130 sanatio
441 3068 533 3143 coeci,
561 3066 737 3151 paralytici,
763 3073 841 3145 etc,
869 3065 973 3131 subita
992 3075 1023 3129 ct
1040 3063 1166 3148 absque
1181 3078 1278 3129 reme-

298 3170 373 3250 diis,
393 3170 516 3236 excedit
530 3169 739 3257 capacitatem
756 3170 898 3236 hominis
918 3168 1024 3257 qua‘ad
1045 3169 1181 3235 madum
1204 3184 1281 3251 ope-

301 3278 494 3345 ratiouie.-
510 3274 718 3345 praesumitur
737 3297 868 3344 causam
882 3275 1108 3345 miraculinon
1125 3292 1196 3339 esse
1213 3270 1282 3335 dia·

300 3385 452 3463 bolicam,
470 3384 497 3449 si
511 3385 542 3447 1.
558 3381 714 3463 doctrina,
727 3383 760 3448 in
773 3384 866 3470 cujus
879 3382 1013 3466 gratiam
1026 3378 1063 3447 lit
1071 3374 1280 3449 miraculum,

299 3490 458 3575 probetur
473 3486 604 3553 aliunde
616 3507 689 3554 vera
700 3512 710 3567 ;
720 3490 791 3555 aii.
805 3488 893 3554 nulla
904 3494 1029 3554 exstent
1041 3480 1198 3551 miracula
1208 3498 1284 3545 con·

300 3592 546 3657 tradictcria.-
556 3594 714 3662 Probatur
725 3615 856 3661 causam
873 3593 1021 3661 miraculi
1038 3610 1109 3657 esse
1124 3587 1282 3661 diuinam,

226 3711 237 3743 '-
299 3701 327 3765 si
347 3699 377 3763 l.
397 3699 589 3769 miraculum
613 3701 709 3767 luerit
730 3701 827 3785 longi,
848 3706 944 3769 antea
965 3697 1178 3786 praedictum3
1203 3691 1232 3756 si
1247 3691 1282 3755 ἢ.

301 3807 494 3873 miraculum
503 3810 544 3874 sit
559 3810 653 3896 primi
669 3808 810 3891 generis,
823 3828 881 3873 seu
899 3807 1058 3873 excedens
1075 3799 1286 3887 capacitatem

196 3951 204 4005 3
301 3912 476 4004 cujuslibet
498 3924 653 3983 creaturae
661 3937 670 3993 3
700 3916 726 3979 si
752 3914 785 3977 ὅ.
805 3912 960 3983 miracula
977 3911 1041 3977 sint
1057 3902 1286 3983 numerosiora
