3025 4725
754 673 932 738 ..78-

392 813 495 898 otjtc.
515 813 703 881 llirccnlum
720 821 769 878 est
790 809 1000 898 impossihile.
1018 809 1099 876 Nam
1118 795 1155 875 l⁰
1173 810 1252 897 leges
1264 815 1306 879 nn·

346 935 428 986 turae
443 927 518 986 sunt
540 919 677 1006 ipsomet
698 918 827 984 decreta
849 915 908 982 Dei
936 915 1166 996 immutabilia,
1195 919 1309 1006 proinde

346 1025 433 1108 leges
450 1032 526 1092 sunt
537 1023 765 1099 immutabiles,
783 1021 918 1109 proinde
934 1020 1128 1088 miraculum
1142 1035 1192 1089 est
1211 1024 1314 1112 impos-

347 1125 504 1194 sibile·
518 1127 556 1194 2⁰
572 1127 661 1194 Deus
676 1125 739 1194 sibi
754 1125 991 1192 contradiceret
1006 1125 1175 1212 operando
1192 1125 1317 1196 miracu

346 1233 432 1310 lnm;
449 1253 488 1300 es
510 1236 574 1299 ont
589 1232 676 1300 enim
693 1239 795 1320 parte,
810 1229 905 1298 vellet
918 1230 1036 1314 legem3
1050 1247 1089 1296 ex
1105 1229 1210 1297 altera
1225 1243 1328 1319 parte,

348 1339 409 1426 ipsi
425 1337 612 1423 derogando
626 1357 698 1404 eam
715 1358 780 1402 non
793 1336 947 1404 vellet.-
963 1333 1000 1400 5⁰
1017 1335 1208 1404 lliraculum
1219 1355 1318 1422 argue-

350 1451 398 1510 ret
420 1444 452 1508 in
471 1443 540 1509 Deo
559 1443 788 1528 ignorantiam,
811 1442 860 1508 vel
877 1441 1110 1529 impotentiam,
1130 1442 1182 1508 vel
1202 1443 1317 1508 incons·

351 1549 481 1625 tantiam
501 1561 533 1622 et
559 1549 798 1638 insipientiam
817 1547 1032 1632 ignorantiam
1054 1547 1204 1634 quidem,
1221 1549 1247 1614 si
1262 1567 1317 1613 non

350 1655 496 1741 praevidit
530 1656 751 1742 exceptionem
782 1653 981 1733 faciendam
1008 1653 1252 1741 impotentiam,
1276 1653 1314 1730 si,

351 1761 571 1848 exceptionem
597 1762 789 1846 praevidens,
819 1781 884 1826 non
909 1760 1012 1847 potuit
1036 1760 1205 1828 instituere
1225 1762 1314 1845 legem

351 1885 425 1952 quse
436 1863 624 1952 exceptione
639 1885 705 1930 non
718 1864 879 1950 indigeam
899 1867 1146 1934 inconstantiam
1161 1882 1215 1934 ant
1226 1864 1317 1952 insipi-

353 1973 486 2050 entiam,
505 1971 547 2049 si,
569 1982 642 2056 post
662 1972 885 2056 praevisionem
902 1974 1097 2061 exceptionis
1114 1989 1147 2041 et
1163 1973 1317 2042 institutio·

352 2097 428 2143 nem
444 2075 524 2159 legis
539 2075 712 2158 generalis,
727 2077 788 2164 ipsi
801 2078 935 2163 deroget
946 2079 1217 2165 permiracnlum.
1242 2095 1245 2103 '

398 2181 492 2264 liccp.
519 2180 564 2246 tu
591 2181 668 2246 lm:
695 2184 830 2248 Decreta
857 2183 963 2250 dirina
991 2205 1057 2252 non
1081 2194 1243 2253 mutantur
1266 2199 1319 2269 per

353 2284 559 2352 miraculum.
580 2287 668 2353 Deus
683 2289 770 2357 enim
787 2288 828 2356 ab
845 2299 966 2356 aeterno
979 2289 1113 2358 institnit
1129 2292 1211 2377 leges
1225 2304 1315 2373 gene·

354 2388 457 2469 rales,
487 2392 650 2480 simulque
677 2394 903 2479 derogationes
934 2397 1077 2476 suturas:
1102 2399 1133 2463 in
1159 2410 1306 2477 tempore,

353 2509 485 2568 eventus
501 2499 648 2567 ocrtsucti
664 2513 822 2585 reguntur
839 2501 965 2587 legibus
982 2500 1185 2587 generalibus,
1202 2506 1230 2559 et
1249 2490 1304 2555 mi·

354 2604 475 2685 recula,
493 2627 551 2673 seu
574 2606 818 2692 derogationes,
841 2608 1065 2694 producuntur
1085 2624 1138 2693 per
1167 2598 1302 2669 causas*l

350 2710 421 2779 Dco
443 2721 644 2800 praestatutam
667 2712 709 2779 ab
740 2721 877 2780 aeterno.
900 2713 1038 2781 Proinde
1068 2712 1189 2779 decreta
1214 2699 1311 2769 (livill

352 2837 418 2884 non
434 2826 604 2885 tnutantnr·
615 2838 673 2906 per
687 2818 895 2894 miraculum.

397 2922 445 2988 nd
460 2924 536 2987 2¹²:
556 2925 646 2989 Dens
660 2922 722 2989 sibi
737 2946 803 2991 non
816 2922 1004 2992 contradicit
1015 2922 1181 3011 operando
1197 2914 1320 2985 miracu·

355 3026 437 3089 lum.
458 3025 774 3095 Contradictioenim
795 3040 992 3119 supponeret
1004 3030 1113 3097 Deum
1129 3028 1210 3097 velle
1222 3030 1321 3091 elnon

356 3128 438 3195 velle
461 3129 558 3195 simul
583 3128 716 3198 allectus
741 3149 916 3205 consuetos
942 3136 1051 3221 legum
1080 3136 1217 3201 naturae.
1236 3130 1323 3195 Porr⁰

355 3233 436 3304 tales
460 3235 628 3305 volitiones
654 3241 911 3310 contradictorie
935 3262 1000 3308 non
1023 3240 1167 3306 existant
1192 3238 1224 3304 in
1244 3233 1323 3302 neo,

357 3344 489 3429 quando
504 3344 705 3433 Deuspatrat
715 3346 908 3415 miraculum
921 3370 929 3424 ;
944 3346 1116 3436 suspendit
1132 3345 1221 3411 enirn
1234 3340 1326 3420 legen

357 3461 558 3528 consuetam,
581 3471 655 3536 quae
671 3456 730 3538 pro
751 3474 829 3519 casu
845 3451 1031 3539 particulari
1053 3448 1171 3516 desinit
1192 3445 1326 3515 existere
1350 3452 1355 3458 '

358 3562 389 3617 et
406 3553 475 3638 ejus
488 3553 559 3619 loco
574 3556 773 3641 subrogatur
788 3559 936 3625 voluntas
950 3554 1166 3647 particularis.

233 3668 236 3671 ’
301 3717 305 3721 ,
402 3658 448 3725 tn
465 3656 541 3723 3⁸¹⁸:
560 3660 647 3729 Deus
668 3664 815 3751 praeridit
830 3664 1053 3754 exceptionem
1073 3661 1218 3729 suturam
1232 3656 1329 3761 legunt

357 3784 438 3851 quas
454 3764 602 3834 instituit.
621 3770 904 3837 latuisset-casum
922 3783 1094 3861 exceptum
1107 3754 1329 3851 subjicerelesst

357 3871 513 3955 generali,
531 3872 632 3939 voluit
654 3887 761 3939 tamen
788 3877 1025 3963 exceptionem.
1049 3874 1119 3940 Non
1144 3874 1252 3937 actem
1268 3860 1331 3927 idel

359 3975 544 4060 arguendos
563 3985 612 4042 est
627 3976 853 4057 inconstantia,
873 3983 948 4043 ciam
965 3976 1140 4067 instituerit
1160 3971 1201 4039 ab
1218 3975 1331 4033 aterno
