3025 4725
630 454 831 527 *999-

234 605 378 668 ractores
396 596 601 665 verillessiae
610 622 619 677 ;
632 600 720 685 quod
734 598 1221 686 repugnet-Camalocaotam

231 706 352 784 ludaei,
373 723 410 771 ae
425 704 587 793 praecipue
609 705 775 783 Pharisaei,
800 703 915 772 Christi
941 711 974 768 et
995 703 1221 790 Apostolorum
1281 692 1285 697 ’

233 813 345 879 hostes
371 804 591 891 intensissimi,
614 832 678 880 nen
705 812 928 899 disceptarunt
948 810 991 876 de
1009 810 1073 876 hoc
1104 810 1221 879 lunda·

235 930 348 984 mento
359 910 597 1007 praedicationis
615 916 731 985 Christi
749 925 788 1001 et.
807 917 1055 1006 Apostolorum,
1071 916 1145 983 licet
1169 940 1222 986 ar·

234 1024 480 1120 gumentatione
497 1024 616 1111 praevia
633 1043 698 1093 non
719 1024 952 1091 demonstrato.
970 1021 1061 1089 Unde
1086 1024 1222 1092 conclu·v
1320 1023 1323 1026 ’
1419 1004 1420 1008 ¹

235 1128 382 1196 deudum
396 1128 566 1216 praedictos
582 1128 715 1197 ludaeos
732 1128 812 1196 illud
829 1130 998 1195 admittere
1013 1122 1218 1198 luisse'coac·
1278 1137 1281 1142 '

234 1234 325 1303 tosti
339 1235 583 1323 prophetiarum
596 1247 628 1301 et
645 1236 868 1318 traditionum.
887 1221 1073 1323 Siquidem,
1100 1238 1126 1301 si
1143 1236 1221 1303 cha-
1298 1307 1301 1314 ,

235 1353 378 1412 ractores
395 1341 514 1427 quibus
532 1341 678 1409 Christus
692 1362 751 1429 pro
768 1341 881 1412 llessia
896 1336 973 1407 vcro
992 1343 1231 1426 agnoscendusv

233 1447 482 1539 proponebatur
498 1446 603 1537 reipsa
617 1468 682 1513 non
699 1448 950 1531 concordassent
966 1467 1040 1514 eum
1054 1448 1138 1516 notis
1162 1470 1222 1537 per

232 1554 440 1623 traditionem
458 1554 735 1641 assignatis,eertd
749 1552 900 1646 Pharisaei
912 1552 1073 1621 Christum
1084 1562 1115 1621 et
1124 1554 1219 1643 hpo's-
1275 1634 1279 1639 Ι

232 1660 318 1729 tolos
335 1660 524 1750 imposturae
543 1660 736 1747 arguissent,
753 1680 935 1746 earumque
947 1656 1125 1727 doctrinam
1143 1682 1220 1729 ecn-

235 1767 408 1834 tutassent.
849 1763 852 1769 ’
1067 1855 1069 1860 Ι
1151 1766 1155 1771 ’

280 1870 318 1937 50
346 1870 566 1950 Characteres,
589 1856 708 1957 quihus
733 1870 958 1955 agnoscendus
983 1882 1051 1939 erat
1071 1870 1219 1953 Messias,
1272 1869 1275 1874 ’

234 1982 311 2048 suut
323 1978 377 2045 alii
392 1976 537 2063 gloriosi,
556 1976 608 2043 alii
622 1965 784 2065 probrosi.
801 1976 923 2044 Omnes
939 1979 1046 2063 autem
1067 1967 1119 2045 isti
1135 1978 1223 2047 ‘cha-

233 2069 375 2157 racteres
393 2084 526 2154 admissi
543 2083 674 2153 luerunt
687 2084 727 2151 de
745 2084 894 2151 Messian
916 2088 1040 2154 ludaeis
1071 2088 1221 2177 spiritua-

234 2196 335 2274 libus,
355 2192 548 2278 etiamquea
564 2191 673 2267 multis
684 2184 867 2261 carnalibus
883 2187 1222 2282 ludaeis-Spiritum

233 2303 282 2372 les
315 2300 449 2369 Judaeos
477 2298 646 2366 admisisse
672 2299 713 2366 de
738 2298 852 2366 lllessih
882 2318 996 2366 omnes
1019 2298 1221 2367 characteres

160 2411 172 2424 ²
239 2409 429 2494 assignatos,
455 2413 543 2494 patet
559 2427 596 2472 ex
613 2407 718 2474 dictis.
729 2443 777 2460 *-
792 2404 1047 2489 Quoadludaecs
1060 2407 1217 2485 ceruales,

245 2510 326 2576 lacto
342 2523 464 2580 constat
478 2531 534 2579 eos
547 2513 726 2602 semperde
740 2511 853 2578 Massia
869 2509 1062 2576 intellexisse
1081 2509 1220 2607 prophta

246 2613 305 2680 tias
322 2618 435 2701 quibus
452 2615 752 2710 praenuntiabantur
774 2609 982 2684 ‘characteris
1007 2614 1150 2701 gloriosi.
1181 2617 1218 2681 ln

243 2741 284 2788 eo
310 2727 429 2788 tanturn
452 2725 606 2794 aludaeis
627 2723 850 2812 spiritualibus
864 2721 1111 2802 dissentiebant,
1131 2719 1219 2810 qued

239 2826 314 2894 illas
336 2828 515 2919 prophetias
544 2833 585 2898 de
609 2831 711 2918 gloria
737 2837 828 2912 mere
844 2828 1015 2919 temporali
1030 2830 1221 2919 interpreta-

236 2942 364 3002 rentur.
375 2934 605 3026 Deproplretiis
618 2945 694 3003 vero
709 2937 1002 3026 praeountiantibus
1019 2931 1222 3004 characteres

225 3040 425 3128 probrosos,
440 3045 532 3110 multi
549 3043 645 3111 etiam
665 3042 748 3110 inter
762 3064 832 3123 eos,
848 3043 910 3110 vim
924 3044 1166 3131 prophetiarum
1186 3058 1221 3107 et

234 3146 445 3214 traditionum
472 3149 606 3216 eludere
630 3171 696 3216 non
722 3150 886 3229 valentes,
905 3150 975 3215 illas
995 3147 1221 3213 intellexerunt

237 3252 278 3318 de
295 3253 520 3334 Messia3ci1m
538 3265 645 3322 atatem
663 3277 777 3322 omnes
793 3255 977 3343 prophetias
994 3254 1025 3323 in
1050 3273 1148 3322 sensu
1160 3275 1223 3320 ma·

235 3359 340 3426 teriali
359 3373 391 3426 et
419 3360 541 3430 carnali
568 3364 795 3451 interpretatas
813 3363 895 3428 inter
913 3383 948 3428 sc
965 3361 1136 3431 conciliare
1157 3350 1222 3428 non

237 3479 381 3550 possent,
402 3466 565 3555 duplicem
578 3469 717 3535 fixerunt
740 3459 901 3559 lllessier'n:
921 3491 1021 3536 unum
1039 3467 1221 3536 seiliceteui

236 3570 440 3640 characteres
474 3575 629 3660 gloriosi,
664 3576 799 3644 alterum
833 3583 908 3659 vero
936 3577 986 3642 cui
1023 3575 1222 3642 characteres

232 3677 384 3762 probrosi
395 3695 582 3771 competere
601 3683 776 3750 delmlrant.
