3025 4725
609 489 809 559 *tat-

209 630 435 719 praecedentes
463 629 567 695 vitant
583 651 657 697 eum
682 633 944 716 generationibus
972 636 1193 721 sequentibus,

206 751 332 805 etcum
349 736 394 801 eis
411 734 502 823 quasi
518 744 782 804 concatenentur.
1113 802 1117 805 ,

254 840 292 905 5.
329 840 459 907 Factum
492 839 551 907 luit
580 844 699 909 attente
720 842 939 921 observatum.
960 845 1047 913 -a
1074 846 1196 914 ludaeis

205 945 371 1035 quidem3
389 945 625 1013 Pentateuehus
652 948 738 1013 enim
756 946 897 1015 continet
912 948 999 1035 leges
1017 950 1195 1037 religiosas,
1234 966 1236 970 '
1287 967 1292 973 ’

204 1052 409 1121 domesticas
433 1066 465 1119 et
495 1053 603 1120 civiles
623 1054 761 1122 nationis
779 1052 936 1141 judaieae5
962 1058 1051 1126 valor
1062 1058 1196 1127 istarum

102 1194 103 1227 ;
203 1161 320 1247 legum
355 1158 518 1247 pendebat
534 1162 662 1227 ‘ludaeis
689 1168 707 1226 a
730 1162 914 1246 cognitione
933 1163 1123 1251 legislatoris
1139 1167 1196 1253 qui
1245 1180 1250 1187 ’

102 1310 104 1319 ·
205 1290 259 1334 eas
272 1266 500 1354 imposuerat3
519 1268 655 1355 proinde
668 1266 804 1355 quaestio
826 1269 1075 1338 authenticitatis
1087 1274 1197 1339 Penta·

102 1378 104 1385 ’
206 1372 319 1439 leuchi
336 1383 406 1438 erat
422 1372 551 1437 maxiani
569 1373 723 1441 momenti
741 1393 801 1462 pro
816 1375 945 1441 natione
966 1374 1118 1461 judaica,
1136 1377 1197 1443 luit

102 2246 107 2362 1

205 1480 353 1567 proinde
369 1486 488 1544 attente
498 1479 691 1545 examinata.
706 1484 786 1544 -h
815 1478 1001 1545 Christianis
1021 1481 1134 1547 debuit
1150 1494 1197 1547 at·

205 1588 291 1651 teate
304 1582 493 1650 observari:
513 1582 590 1650 Ciam
605 1585 690 1650 enim
706 1584 943 1651 Pentateuenus
959 1584 999 1650 sit
1018 1585 1112 1672 quasi
1123 1585 1198 1653 fano

206 1692 406 1759 dementum
436 1688 599 1774 religionis
616 1688 826 1771 Christianae,
846 1691 1027 1778 primorum
1052 1690 1197 1760 lldelium

208 1794 412 1886 praejudiciis
424 1808 455 1861 et
467 1794 696 1883 cupiditatibus
710 1796 879 1884 oppositae,
895 1796 1078 1865 deacritate
1089 1796 1197 1865 Chris-

209 1904 382 1983 tianismi,
410 1923 447 1969 ao
478 1903 614 1991 proinde
647 1903 688 1970 de
718 1903 960 1972 authenticitate
989 1905 1197 1975 Penateaeni

213 2008 385 2098 inquirere
395 2006 592 2099 debuerunt,
605 2013 635 2073 et
644 2008 756 2075 reveri
770 2007 1016 2095 inquisiverunt,
1031 2017 1199 2077 ateonstat

216 2116 340 2206 seriptis
358 2114 503 2181 Petrum.
527 2111 807 2197 —Quaestionem
830 2115 926 2185 etiam
950 2114 1197 2184 authenticitatis
1281 2162 1285 2167 .

218 2222 380 2310 negligere
402 2241 468 2285 non
486 2219 671 2285 debuerunt
687 2218 796 2287 hostes
812 2221 976 2307 religionis
994 2221 1150 2289 ‘Iudaicae
1166 2233 1198 2286 et
1279 2235 1282 2246 ’

223 2324 427 2396 Christianae:
458 2324 489 2398 Si
513 2324 599 2392 enim
619 2325 799 2414 potuissent
814 2325 948 2395 dubiam
961 2327 1107 2394 reddere
1138 2345 1198 2394 att·

227 2414 448 2486 thentloitatom
473 2417 694 2496 pentateuchi,
718 2439 759 2484 eo
773 2419 842 2504 ipso
856 2415 1062 2482 infirmabant
1078 2414 1194 2500 proba·

237 2512 338 2586 tionem
352 2521 516 2590 llosaismi
527 2533 558 2586 et
575 2516 821 2600 Christianismi,
842 2539 982 2607 quorum
999 2517 1195 2586 divinitatem

245 2623 319 2684 onai
332 2641 438 2696 conlatu
458 2628 625 2694 destruere
642 2626 820 2694 tentabant.

284 2723 481 2813 Confirnotur
512 2733 660 2820 probatio
690 2732 870 2820 precedens
894 2749 932 2796 ex
959 2734 1073 2795 notura
1095 2727 1197 2817 ipsius

237 2825 440 2904 pentateuchi.
451 2841 487 2906 la
501 2839 719 2906 Pentateucho
734 2838 821 2905 enim
830 2844 985 2926 apparent
993 2835 1196 2905 characteres

233 2934 296 3018 qui,
313 2937 403 3009 laeilc
417 2943 621 3033 explicabiles
637 2945 670 3010 in
687 2943 856 3033 hypothesi
874 2943 1137 3024 authenticitatis,
1163 2945 1197 3014 in
1303 3015 1306 3021 ,

228 3036 388 3129 hypothesi
420 3051 580 3117 contrarie
602 3050 752 3138 explicari
768 3062 947 3138 nequeunt.

196 3183 200 3192 ·
264 3147 386 3218 Etenim
401 3153 437 3218 l⁰
449 3166 561 3221 auctor
576 3155 785 3222 Pentateuehi
800 3157 944 3244 apprime
952 3154 1116 3238 cognoscit
1126 3172 1199 3236 geo

224 3257 405 3342 eupliam,
425 3279 532 3326 mores
558 3274 588 3327 et
612 3261 700 3345 leges
729 3261 854 3328 ‘Arabiae
870 3274 901 3326 et
916 3258 1051 3348 AEgypti.
1077 3258 1115 3323 2⁰
1142 3257 1198 3324 lle·
1251 3262 1255 3268 “

223 3353 322 3430 braeus
339 3378 492 3452 apparet3
518 3366 628 3452 lingua
646 3367 733 3432 enim
761 3367 892 3434 hebraea
917 3367 1064 3455 scripsit;
1087 3365 1197 3454 populi

220 3457 338 3545 judaici
353 3469 564 3558 ritus‚leges,
584 3473 849 3551 eonsuetudines,
875 3469 1042 3538 historiam
1058 3472 1198 3538 minuta·
1290 3553 1293 3556 ῃ

222 3571 273 3638 llm
285 3575 443 3645 delineat.
459 3575 496 3644 5⁰
513 3579 643 3648 Ardenti
661 3580 769 3652 studio
785 3580 825 3646 ed
843 3579 1099 3647 observationem
1121 3577 1199 3664 legis

221 3673 436 3751 llebraeoram
452 3687 579 3766 videtur
600 3707 769 3766 aecensus,
788 3692 968 3773 praesertim
986 3686 1018 3752 in
1041 3684 1200 3756 Deutero-

222 3786 342 3852 nomio.
364 3785 401 3854 l⁰
419 3792 521 3880 lpsius
539 3793 691 3881 sapientia
704 3792 931 3858 'manifestatur
944 3792 979 3874 in
999 3789 1126 3872 legibus
1140 3808 1197 3872 po·
