3025 4725
108 4045 109 4057 l

109 4095 111 4106 t

109 4119 110 4127 ι

677 605 877 685 -aatss-

292 768 401 831 uidere
416 766 692 850 corruptionem·
710 800 756 817 ψ-
777 758 851 849 Ejus
868 764 1037 829 ascensio:
1062 766 1114 829 Ps.
1137 764 1215 843 109,
1244 768 1286 832 l.

299 898 312 929 ι
328 871 422 937 Dixit
433 870 593 937 Dominus
609 858 749 936 Domitio
762 888 831 933 meo
842 892 853 933 :
870 866 949 932 Sede
968 871 990 931 ὰ
1006 871 1134 935 dextris
1149 874 1241 935 mma.
1263 901 1284 930 ι

294 1014 339 1027 --
354 974 473 1047 Effusio
490 976 649 1043 donorum
674 976 812 1061 Spiritus
824 973 931 1039 Sancti
945 998 952 1036 :
967 974 1052 1053 Joet,
1069 975 1103 1053 l,
1118 975 1162 1040 28
1176 989 1208 1040 et
1224 997 1283 1063 sq.
1296 1063 1298 1066 Ι

299 1082 369 1149 «Er
384 1081 445 1147 erit
464 1090 540 1165 post
567 1082 648 1147 lateo:
672 1080 848 1165 Effundam
871 1078 1022 1163 spiritum
1047 1100 1152 1144 meum
1178 1102 1289 1167 saepes·

296 1207 421 1254 omnem
441 1206 593 1252 caraem:
623 1196 652 1250 et
673 1182 914 1270 prophetabunt
933 1185 995 1271 filii
1016 1186 1118 1250 vestri
1128 1234 1137 1262 ,
1153 1197 1185 1249 et
1201 1188 1288 1277 filiae

296 1305 424 1360 uestros:
449 1312 539 1359 serres
565 1293 665 1357 uestri
688 1291 815 1356 somerio
838 1290 1056 1367 somniabunt,
1087 1301 1117 1355 et
1135 1293 1284 1374 joroesses

295 1400 395 1465 uestri
419 1400 558 1464 visiones
584 1397 748 1463 videbunt.
767 1396 831 1461 Sed
849 1407 878 1460 et
894 1416 993 1480 super
1005 1383 1116 1461 servos
1142 1417 1234 1463 meos
1252 1410 1288 1468 et

297 1506 434 1571 ancillas
459 1505 493 1569 ia
518 1503 629 1569 diebus
646 1504 710 1567 illis
726 1502 890 1587 efflantium
909 1502 1060 1585 spiritam
1087 1522 1208 1566 meum.
1236 1504 1282 1567 Et

298 1611 381 1679 uolo
395 1606 550 1695 prodipio
567 1609 728 1674 incolcet
743 1608 777 1673 iu
791 1609 890 1682 terro,
908 1634 920 1665 ι
1112 1615 1118 1621 ·

338 1712 377 1781 2⁰
392 1712 510 1779 'l'extus
527 1712 680 1799 praecitati
713 1710 845 1793 intelligi
873 1710 993 1775 debent
1009 1710 1050 1775 de
1066 1710 1203 1778 Messia:
1223 1713 1273 1777 Si-

245 1876 257 1892 ,
297 1818 429 1905 quidem
442 1818 483 1883 de
499 1817 567 1883 solo
594 1817 706 1884 Messio
735 1816 798 1883 diei
822 1825 966 1903 poterat:
996 1818 1198 1883 suscitandus
1223 1829 1273 1883 est

297 1922 453 2011 propbeta
471 1920 584 1988 similis
603 1922 716 2009 Moysi,
731 1922 772 1989 ad
789 1918 988 2009 loquendum
1005 1922 1103 1989 vorba
1122 1923 1277 2000 Domini3

295 2029 393 2093 Filius
410 2028 468 2092 Dei
483 2028 670 2109 unigenitus
686 2029 928 2094 constituendus
941 2036 989 2093 est
1000 2034 1019 2093 a
1031 2029 1101 2093 Deo
1116 2050 1283 2117 rexsuper

296 2130 372 2198 Sion
389 2131 430 2197 ad
447 2131 689 2218 praedicandum
721 2149 919 2222 praeceptum
936 2132 1019 2221 ejus,
1036 2133 1204 2213 dabuntur
1221 2136 1282 2223 ipsi

295 2234 406 2323 gentes
418 2237 451 2301 in
476 2235 694 2303 haereditatem
709 2252 741 2304 ct
764 2240 797 2304 in
814 2242 1050 2328 possessionem
1068 2243 1199 2319 tormini
1216 2255 1281 2310 ter·

295 2363 360 2420 ree:
377 2342 437 2408 erit
455 2340 507 2408 lux
524 2342 686 2426 gentium3
707 2344 797 2411 Deus
811 2346 881 2433 ipse
898 2346 1003 2413 veniet
1019 2358 1050 2411 et
1067 2344 1210 2411 salvabit.
1230 2383 1277 2393 -

297 2449 569 2533 Quoadvaticinia
580 2450 620 2517 do
637 2440 885 2530 resurrectione,
900 2453 1101 2529 ascensione,
1115 2449 1269 2514 effusione

294 2557 431 2644 Spiritus
444 2555 563 2635 Sancti,
583 2576 618 2623 ea
633 2555 779 2645 explicite
792 2571 823 2624 et
839 2556 963 2642 absque
973 2557 1038 2623 ulla
1051 2552 1270 2624 reclamatione

292 2664 505 2732 laudaverunt
520 2664 661 2752 Apostoli
680 2671 789 2752 utpote
807 2663 955 2730 Messiam
971 2663 1166 2750 spectantia,
1184 2660 1276 2753 quotl

293 2769 409 2862 probat
425 2771 596 2858 praetlictos
611 2778 716 2837 textus
726 2771 826 2836 luisse
836 2789 893 2856 per
912 2771 1116 2839 traditionem
1134 2769 1175 2835 de
1195 2767 1278 2840 bles·

294 2876 339 2945 sia
358 2877 596 2962 interpretatos.
663 2881 665 2885 ’

262 3043 263 3046 ,
340 2979 374 3040 5ο
393 2982 429 3043 Ιιι
452 2981 502 3050 his
518 2983 656 3048 textibus
673 2985 795 3050 mentio
814 2996 861 3048 cst
886 2983 927 3048 de
944 2984 1096 3048 omnibus
1121 2981 1277 3048 circums-

293 3083 399 3153 tantiis
415 3083 607 3149 enuntiatis:
628 3086 694 3152 Hoc
707 3099 805 3174 patet.

242 3255 245 3264 ⁴
311 3297 316 3305 ,
398 3259 510 3312 Effectus
520 3257 687 3310 subsecuturi
700 3270 731 3308 ex
745 3258 869 3320 missione
883 3267 910 3313 ct
923 3261 1046 3324 operibus
1059 3259 1167 3310 Messio.
1253 3265 1258 3268 ⁴

337 3395 509 3460 Conversio
527 3389 652 3469 mundi,
672 3392 838 3478 abrogatio
860 3395 938 3478 legis
955 3395 1112 3471 Mosaicae,
1140 3404 1277 3478 regnum

293 3497 458 3584 spirituale
474 3497 610 3562 Messias.

336 3597 509 3668 Conversio
524 3604 656 3670 mundi:
676 3608 726 3672 Ps.
740 3607 777 3672 ll
788 3656 796 3685 ,
808 3607 852 3672 28
865 3620 896 3672 et
910 3628 961 3692 sq.
985 3607 1269 3679 «Renairsiseentsrr

292 3723 321 3776 et
339 3721 565 3800 conuerteretur
589 3714 636 3778 od
651 3713 827 3778 Dominum
842 3713 989 3778 univemi
1000 3715 1084 3799 fiaes
1113 3723 1218 3776 torre.
1231 3710 1278 3773 'Et

291 3813 477 3881 odorabunt
493 3819 526 3882 in
540 3830 709 3901 conspeetu
721 3821 792 3901 ejus
804 3815 1272 3902 univeraoefomiliteperrtium.

295 3922 454 4008 erovtom
473 3923 605 3988 Domini
615 3935 661 3987 est
672 3943 827 4007 reputem:
838 3933 866 3984 et
880 3926 950 4003 ipae
962 3922 1185 3987 dominabitur
1200 3937 1275 4000 pear-
