3025 4725
769 674 971 743 -ttu-

370 820 508 907 exceptis
526 816 623 885 Calcb
640 831 671 883 et
688 818 789 887 Josuc
805 817 866 906 (i).
886 820 1074 885 Innumcras
1104 823 1272 909 spopondit
1287 823 1334 890 be-

369 924 568 991 ncdictiones
595 922 729 1001 Judoeis,
758 924 785 989 si
812 923 1050 1010 permanserint
1075 926 1109 990 in
1140 928 1334 996 observandis

369 1026 500 1092 Domini
516 1026 704 1115 praecptis:
723 1045 782 1113 pax
796 1026 859 1091 crit
868 1026 900 1091 io
912 1026 1035 1094 tinibus
1049 1046 1181 1107 corum,
1194 1030 1337 1097 benedicti

370 1142 465 1196 crunt
480 1129 513 1194 in
529 1128 654 1195 civitate
670 1129 741 1195 etin
753 1147 845 1213 agro,
856 1142 1009 1195 corruent
1020 1131 1223 1218 cornmipsis
1233 1133 1343 1199 inimici

371 1254 500 1313 corum,
526 1246 603 1312 etc.;
623 1234 709 1299 diras
725 1242 854 1312 autem,
881 1235 908 1299 si
929 1234 1079 1300 mandata
1101 1239 1271 1305 custodire
1294 1259 1345 1303 nc·

370 1339 537 1423 glexerint,
556 1337 946 1405 annuntiatcalamitates:
964 1340 1161 1407 inducentur
1174 1364 1343 1431 superans,

370 1464 468 1532 super
484 1455 603 1511 terram
618 1456 650 1510 ct
671 1462 786 1527 greges
802 1443 1045 1511 maledictiones
1059 1446 1215 1529 Domini,
1231 1449 1347 1514 traden-

370 1562 422 1617 tur
439 1549 471 1615 in
489 1570 603 1617 manus
631 1550 837 1617 inimicorum
855 1570 1012 1627 suorum,
1037 1552 1270 1639 dispergentur
1292 1570 1345 1641 per

370 1657 478 1723 omnia
491 1676 587 1741 regna
604 1663 710 1734 terrae,
729 1667 779 1720 etc
789 1653 849 1742 (ἢ).
869 1655 1019 1721 Praedixit
1033 1664 1154 1722 terram
1168 1672 1345 1725 annosertn

370 1762 516 1827 daturam
534 1760 657 1827 fructus
675 1754 771 1825 trium
788 1780 968 1839 annorum,
989 1761 1031 1827 ad
1054 1764 1276 1850 supplendam
1299 1784 1343 1830 rc·
1411 1771 1412 1798 ³

369 1866 610 1953 quietionianni
624 1865 765 1951 septimi,
786 1885 852 1951 quo
874 1866 1012 1933 durante
1038 1887 1100 1932 nec
1123 1888 1220 1952 agros
1240 1889 1342 1935 sercrc
1411 1867 1412 1870 ’

369 1991 430 2037 nec
444 1970 554 2037 vincas
570 1982 682 2055 putare
697 1969 804 2036 Judoei
821 1970 982 2037 debebant
993 1971 1050 2051 (5).
1069 1971 1226 2063 Omnium
1242 1986 1341 2041 nutem

367 2073 614 2139 celeberrimum
632 2084 679 2140 est
699 2074 780 2141 iliud
794 2076 1002 2154 vaticinium,
1035 2079 1124 2163 quod
1148 2074 1289 2171 rciertur
1313 2080 1337 2143 in

246 2182 250 2189 ’
368 2174 501 2245 Denter.
518 2177 571 2257 18,
587 2180 650 2245 tt:
673 2205 686 2238 r
702 2182 904 2266 'Propdctcm
916 2182 1057 2267 decente
1068 2184 1126 2249 tud
1136 2196 1166 2250 ct
1179 2188 1219 2250 dc
1230 2187 1339 2269 fratri·

369 2284 593 2351 dnstaissicttt
609 2307 677 2367 mc,
701 2281 870 2353 suscitabit
888 2288 947 2352 tibi
962 2289 1122 2357 Dominus
1145 2292 1229 2355 Deus
1248 2293 1337 2352 tuus:

367 2393 473 2478 ipsum
488 2394 612 2460 audica.
636 2420 649 2451 »

412 2497 451 2564 Η.
470 2499 696 2570 Praedictiones
724 2499 873 2585 superius
894 2498 1085 2568 altataefsunt
1101 2516 1176 2562 uerae
1189 2491 1324 2586 propita-

366 2607 418 2676 tiae
429 2613 459 2672 et
474 2613 563 2672 certo
580 2607 717 2694 probant
734 2605 930 2672 diuinitatem
950 2600 1106 2691 religionis
1129 2602 1285 2684 Massica.-

382 2694 386 2702 ’
411 2715 448 2778 1⁰
464 2714 525 2778 Res
548 2725 621 2779 antc
638 2725 789 2782 eventum
802 2711 933 2779 inerunt
951 2711 1169 2799 praenuntiatae
1180 2703 1273 2770 modo
1285 2699 1331 2764 ni-

366 2817 523 2885 firmativo
535 2826 565 2884 ct
582 2839 655 2885 cum
680 2817 842 2906 ejusmodi
859 2818 1105 2907 circumstantiis
1126 2812 1210 2902 qnod
1235 2827 1336 2875 remo·

364 2935 477 2997 remur
501 2924 641 3009 suspicio
659 2925 699 2987 dc
721 2924 950 2993 concordantia
981 2923 1112 2990 fortuita
1122 2913 1337 3008 ‚pradictinnis

366 3044 438 3092 cum
454 3039 594 3090 evetita:
623 3029 810 3101 Narratione
834 3029 1041 3096 Pentateuchi
1058 3040 1095 3095 ct
1117 3028 1188 3114 ipsu
1211 3019 1341 3112 prophe·

365 3129 480 3221 tiaram
498 3131 695 3214 expositione
712 3145 848 3209 constat.
927 3126 931 3180 Ϊ
1095 3197 1097 3202 .
1254 3205 1258 3209 ,

410 3234 447 3301 2⁰
464 3233 789 3330 Verificataesuerunt
815 3259 888 3304 cunr
906 3239 1058 3312 omnihus
1074 3231 1339 3304 circumstantiis:

290 3347 292 3350 ’
365 3325 432 3409 Hoc
458 3349 581 3410 cunstat
600 3342 706 3426 quoad
728 3343 805 3409 alias
827 3365 863 3410 cx
887 3345 956 3430 ipso
973 3342 1217 3429 Pentateuch03
1238 3332 1337 3435 quaid

363 3447 503 3524 alias,ex
520 3448 642 3531 caeteris
666 3449 702 3524 V.
722 3449 918 3516 Testamenti
936 3451 1042 3530 iibris3
1060 3447 1169 3534 quoad
1184 3446 1339 3518 ultimam,

364 3571 400 3617 ex
418 3552 455 3614 N.
478 3551 695 3632 Testamenta,
712 3568 746 3620 ut
767 3554 897 3619 aliunde
911 3555 992 3620 inir'a
1013 3552 1187 3625 videbitur.

398 3770 431 3835 (i)
446 3772 510 3821 Num
540 3773 581 3824 id.
755 3815 759 3822 a

395 3863 428 3928 (2)
444 3865 524 3916 Lerit.
540 3866 573 3916 26
586 3872 613 3916 et
627 3868 729 3917 Denter.
749 3867 791 3916 28.

396 3956 429 4021 (ὅ)
446 3955 526 4008 Levit.
544 3957 588 4006 95.

124 4181 357 4346 Ἰ,
