3025 4725
639 454 820 519 ..99-

230 614 295 661 nes
312 592 445 679 quidem
462 591 550 658 ducti
567 591 690 657 rationo
707 595 822 677 sponte
834 591 1040 658 consentiunt
1055 592 1088 656 in
1101 593 1216 658 admit-

230 700 343 765 tendis
359 698 547 764 veritatibus
575 698 678 783 primo
701 699 818 763 intuitu
846 697 1064 775 evidentibus3
1083 698 1217 763 minime

228 817 344 869 autem
355 804 559 871 eorrsentlant
567 804 675 888 ¹quoad
687 804 834 867 veritates
843 802 1010 881 obscuras,
1020 815 1053 867 et
1063 806 1080 867 a
1092 801 1218 869 fortiori

228 908 344 995 quoad
359 910 507 974 veritates
520 907 624 995 primo
637 894 753 972 intuitu
770 908 885 973 rationi
902 917 1130 994 repugnantes.
1144 909 1217 974 Pon

229 1036 271 1079 no
289 1015 406 1080 rationi
423 1014 528 1101 primo
545 1013 665 1079 intuitu
678 1027 860 1099 repugnant
873 1014 990 1096 dogma
1002 1014 1112 1100 lapsus
1123 1034 1217 1097 gene·

230 1120 276 1185 ris
300 1121 437 1185 humani
464 1142 522 1207 per
538 1132 708 1207 peecatum
727 1120 824 1206 primi
847 1120 1002 1206 parentia
1021 1120 1138 1205 dogma
1165 1141 1216 1186 re·
1261 1111 1263 1116 ’

229 1224 430 1313 demptionis
446 1246 505 1313 per
525 1225 637 1290 merita
664 1224 931 1302 nniushominis,
958 1226 1078 1309 dogma
1097 1225 1215 1293 valoris
1317 1253 1320 1258 ·

230 1331 407 1417 piacularis
425 1329 591 1415 sanguinis
607 1328 758 1395 effusioni
770 1330 899 1407 annexi,
917 1339 954 1395 ut
968 1331 1101 1398 evidens
1115 1349 1177 1400 est.

280 1438 314 1504 ἢ.
347 1436 685 1519 trorumdogmatom
708 1434 932 1499 universalitas
958 1457 1024 1501 non
1050 1439 1154 1503 oritur
1177 1460 1216 1505 ex

228 1546 405 1615 diffusione
432 1540 575 1625 generali
596 1540 761 1623 religionis
783 1540 949 1605 llosaioae:
967 1539 1024 1607 Vel
1047 1543 1133 1607 enim
1156 1546 1215 1611 ad-

230 1652 366 1722 versarii
383 1648 557 1715 admittunt
580 1646 779 1739 divinitatem
803 1644 968 1730 religionis
991 1647 1149 1728 Massiuae,
1164 1649 1213 1715 vel
1272 1682 1276 1686 ·

229 1784 307 1829 non.

272 1870 306 1936 Si
319 1866 412 1957 prius
425 1888 432 1929 ε
445 1864 488 1929 Εο
505 1864 575 1952 ipso
593 1863 713 1929 debent
726 1863 896 1929 admittere
912 1861 1141 1930 revelationem
1153 1862 1215 1950 pri

228 1973 383 2050 mitivam,
405 1975 481 2035 elam
498 1969 649 2041 revelatio
663 1969 822 2055 primitiva
846 1969 889 2034 sit
909 1970 1026 2053 dogma
1049 1969 1213 2055 religionis

229 2082 374 2149 llosaieae
388 2100 397 2157 3
417 2088 449 2141 et
466 2094 596 2141 eausam
610 2074 781 2141 habemus.

267 2189 300 2255 Si
317 2183 508 2275 posterius:
527 2182 600 2247 Duo
617 2180 752 2245 iurladit
769 2182 936 2269 explicatio
952 2184 1059 2260 allata,
1079 2182 1211 2258 seilicet,

226 2294 448 2362 inventionem
472 2285 725 2376 praeeedentium
752 2288 940 2374 dogmatum
960 2297 979 2352 a
1002 2283 1132 2351 natione
1160 2288 1213 2369 ju-

230 2401 331 2479 daica,
350 2407 383 2464 et
401 2415 518 2462 eorum
534 2393 739 2460 diffusionem
755 2396 787 2457 in
810 2415 922 2458 omnes
939 2404 1064 2476 gentes.
1082 2391 1190 2473 Atqui,

276 2499 417 2564 luventio
444 2497 633 2580 dogmatum
650 2518 688 2560 ex
709 2508 800 2582 parte
820 2493 1010 2564 ludaeorum
1026 2497 1210 2575 repugnat:

241 2596 515 2686 llaml.praedieta
530 2600 794 2686 dogmataprimo
805 2598 922 2663 intuitu
935 2593 1213 2683 apparentrationi

238 2709 454 2789 repugnantia.
479 2707 512 2772 a.
532 2707 696 2773 Sanctitati
718 2718 749 2770 et
766 2704 900 2770 bonitati
918 2703 1034 2769 divinae
1056 2713 1215 2790 repugnat

232 2827 355 2874 omnes
374 2815 508 2879 omnium
525 2813 722 2900 populorum
739 2809 913 2894 religiones
926 2809 984 2876 niti
1009 2807 1214 2894 dogmatibm

226 2913 419 2981 arbitrariis.
449 2919 565 2996 Porro,
600 2919 626 2984 si
655 2918 805 3002 dogmata
833 2917 874 2982 de
901 2917 1023 3003 quibus
1045 2916 1212 3002 loquimur

113 3057 117 3066 ‹
225 3020 374 3087 oriantur
388 3043 426 3088 ex
442 3024 599 3107 religione
611 3024 748 3089 llosalra
763 3023 895 3088 aliunde
905 3043 970 3089 non
980 3023 1132 3097 revelata,
1148 3042 1214 3087 om·

221 3147 278 3192 nes
301 3127 478 3212 religiones
502 3131 649 3194 nituntur
674 3129 881 3213 dogmatibus
897 3127 1060 3194 absurdis.
1078 3125 1121 3188 lit
1143 3129 1207 3190 una

223 3234 310 3298 enim
324 3247 418 3320 parte
433 3237 582 3319 dogmata
596 3235 717 3323 lapsus,
737 3236 962 3322 reparationis,
976 3233 1023 3299 vis
1035 3227 1208 3319 piacularis

224 3339 388 3417 sacrificii,
405 3353 485 3406 sunt
502 3340 593 3428 quasi
612 3339 860 3406 tundamentum
877 3340 1093 3425 religionum3
1112 3337 1214 3424 siqui·

226 3443 299 3508 dem
317 3465 357 3510 ex
375 3445 427 3512 his
445 3447 651 3531 dogmatibus
671 3447 820 3513 oriantur
835 3468 909 3533 spes
925 3446 1108 3522 lrominum,
1131 3465 1213 3531 prae·

222 3549 319 3634 eipua
336 3569 452 3616 eorum
477 3551 602 3631 silicia,
629 3551 771 3618 olliuium
799 3551 1008 3638 expiationis,
1039 3541 1212 3620 necessitas

222 3653 396 3734 sacrificii,
416 3656 492 3722 lidei
511 3673 542 3724 et
558 3659 626 3745 spei
651 3659 682 3724 in
710 3658 938 3736 mediatorem,
963 3664 1026 3722 eto.
1047 3655 1094 3720 En
1111 3653 1210 3721 altera

224 3759 405 3853 parte'lraee
430 3761 581 3850 dogmata
599 3776 706 3834 essent
721 3764 912 3842 arbitraria3
930 3758 1125 3834 nullaeniru
1142 3775 1211 3824 mo·
