3025 4725
747 611 926 678 ...Βῇ-

352 765 477 825 naturae
498 757 655 824 factorum
679 771 931 838 consuetorum;
959 759 1047 826 unde
1065 761 1152 829 ratio
1180 767 1310 833 concludit

353 861 546 929 miraculum
561 882 627 927 non
640 860 716 927 oriri
733 864 751 925 d
768 867 865 926 causa
881 861 1032 930 naturali.
1047 865 1148 946 Item,
1161 887 1201 934 ex
1213 889 1314 956 conqu-
1376 922 1378 964 ¹

354 965 478 1032 ratione
502 963 576 1032 sacri
598 985 671 1031 cunr
688 969 862 1055 capacitate
883 963 1023 1034 hominis
1048 979 1078 1033 ct
1096 967 1240 1050 diaboli,
1263 992 1322 1036 con·
1376 965 1380 1054 l

355 1069 456 1137 eludit
472 1089 603 1137 causam
618 1070 765 1137 miraculi
779 1092 842 1138 non
856 1091 927 1138 csse
944 1071 1136 1151 humanam,
1153 1093 1217 1140 nec
1233 1076 1328 1140 diabo·
1378 1065 1381 1105 '¹

355 1177 462 1242 licam.
491 1175 648 1244 Sicutem
672 1197 769 1244 causa
799 1177 946 1244 miraculi
987 1197 1052 1244 non
1090 1179 1134 1243 sit
1165 1178 1327 1258 naturalis,
1382 1162 1384 1252 l

357 1283 513 1362 humana,
530 1295 587 1350 aut
601 1281 772 1362 diabolica,
789 1303 865 1368 ergo
879 1295 927 1350 cst
943 1283 1062 1348 divino.
1384 1258 1386 1336 l

401 1389 447 1456 tto
459 1387 536 1454 2¹¹⁰:
554 1387 790 1454 [inconstantia
809 1387 918 1472 legum
936 1395 1059 1454 naturae
1073 1387 1159 1455 tatso
1176 1389 1332 1457 concludi·

361 1512 414 1561 tur
435 1494 630 1562 miraculum
653 1515 718 1560 oon
745 1493 893 1560 existere.
922 1493 1092 1579 Siquidem
1116 1495 1213 1563 Deus
1241 1507 1334 1584 potest

358 1602 515 1686 derogare
531 1601 658 1688 legibus
670 1600 845 1667 consuetis.
860 1600 973 1677 Porro,
988 1600 1015 1664 si
1031 1599 1121 1666 Deus
1131 1603 1238 1689 possit
1251 1601 1335 1667 dero·
1389 1591 1393 1674 l

357 1731 450 1795 gare,
472 1709 591 1776 lactum
615 1706 832 1790 derogationis
855 1713 958 1792 potest
978 1705 1108 1792 probari
1126 1729 1188 1792 per
1201 1707 1334 1774 testimo·

359 1818 450 1884 nium
467 1816 660 1882 humanum.
1396 1832 1398 1908 ἶ

406 1921 510 2004 Odja‘c.
532 1922 570 1986 2⁰
586 1922 654 1986 Non
671 1927 776 2006 potest
792 1934 939 1988 constare
956 1919 996 1987 de
1011 1920 1138 2006 origine
1161 1922 1270 1988 divina
1282 1919 1336 1985 mia
1398 1928 1400 2010 1

360 2024 473 2092 raculi.
495 2026 574 2090 Nam
592 2027 623 2089 l.
642 2045 707 2091 non
732 2027 959 2112 cognoscimus
981 2045 1094 2092 omncs
1116 2014 1335 2114 effectus'pos·
1400 2023 1401 2036 ³

359 2129 469 2196 sibiles
493 2131 602 2215 legum
622 2138 758 2212 natum,
786 2134 950 2221 potestatis
977 2131 1164 2212 diabolicum
1186 2155 1249 2199 non
1263 2151 1334 2217 pos·

360 2251 474 2298 sumus
497 2253 574 2318 ergo
601 2233 763 2302 affirmare
788 2235 980 2302 miraculum
1006 2255 1072 2300 non
1095 2237 1218 2302 criri'ex
1238 2234 1329 2298 causei

360 2335 499 2403 naturali
514 2348 569 2405 aut
588 2337 761 2405 diabolica.
779 2339 813 2405 ἰ).
832 2337 1029 2427 Specialitcr‚
1045 2337 1170 2426 quidam
1182 2333 1324 2399 domines

362 2462 424 2531 ope
454 2445 657 2530 magnetismi
685 2444 832 2511 animalis
856 2451 1034 2530 operantur
1054 2440 1145 2508 multa
1167 2431 1314 2521 stupenda

362 2551 510 2619 miraculi
522 2552 663 2641 speciem
676 2550 839 2641 habentia.
859 2548 893 2613 5.
917 2548 1116 2626 lliraculum‚
1129 2543 1209 2632 iuxta
1222 2536 1315 2604 abdo·

364 2671 425 2725 tem
433 2660 624 2735 Heoreoittn
639 2680 704 2727 non
717 2657 819 2725 oritur
830 2675 867 2720 cx
881 2657 977 2721 causd
989 2653 1109 2731 divina,
1123 2648 1281 2717 ben'cucro
1290 2656 1325 2705 eu

364 2766 491 2851 legibus
503 2779 627 2834 naturae
642 2765 827 2852 incognitis.
1099 2778 1104 2783 ·
1214 2782 1218 2791 “
1319 2857 1322 2861 .

325 2922 330 2925 -
409 2874 505 2958 Idcsp.
528 2873 574 2938 Ad
593 2874 659 2938 l¹¹z
678 2873 836 2959 Equidem
851 2888 917 2935 non
940 2886 1114 2955 possumus
1130 2859 1332 2931 determinare

365 2981 463 3043 modo
480 2990 568 3044 certo
583 2978 718 3042 limitem
730 2975 846 3041 uirium
865 2974 1081 3061 physicarum,
1094 2968 1255 3057 potcstatis
1270 2960 1333 3026 dia·

366 3082 504 3161 bolicae3
519 3085 599 3149 inde
614 3080 761 3167 sequitur
777 3078 1054 3145 tuntdmdubium
1071 3096 1142 3142 csse
1159 3076 1193 3141 in
1212 3068 1335 3161 quibus-

369 3188 444 3252 dam
464 3187 592 3254 casibus
610 3183 719 3248 utrirm
737 3182 858 3249 iactum
877 3183 1073 3271 stupendum
1089 3181 1131 3247 sit
1152 3174 1338 3245 miraculum

367 3315 429 3360 acc
444 3314 498 3360 nc.
512 3292 577 3357 Sed
597 3285 678 3352 ialsd
691 3288 1060 3356 concluditurrationcm
1074 3289 1243 3373 nunquam
1255 3295 1342 3371 posse

369 3389 1343 3481 certopronuntiarecalefactumesscmiraculum.Sic,ccrtd

368 3500 489 3565 scimus
512 3494 637 3563 nullum
662 3502 826 3569 medicum
847 3500 948 3568 solius
965 3499 1137 3567 uoluntatis
1153 3510 1235 3563 nutu
1255 3506 1345 3583 posse

268 3594 272 3597 ⁴
367 3603 554 3692 quempiam
570 3603 735 3675 infirmum
751 3626 885 3687 sanare,
904 3620 1070 3674 mortuum
1088 3604 1161 3692 jann
1177 3598 1345 3690 quatriduo

370 3711 557 3779 defunctum
582 3726 614 3780 ct
628 3714 792 3782 imtentcm
810 3715 851 3781 ad
867 3714 963 3781 uitam
980 3730 1144 3788 reuocare,
1165 3709 1240 3794 quia
1264 3704 1347 3772 could

280 3845 283 3850 ⁴
311 3883 314 3886 .
370 3820 594 3903 cognoscimus
611 3822 681 3889 lraec
708 3823 815 3887 omnia
834 3834 866 3887 ct
887 3820 939 3885 his
955 3818 1071 3885 similia
1088 3815 1245 3883 excedere
1269 3811 1347 3877 vires

370 3926 646 3996 statuunculam
669 3936 758 3994 certo
771 3925 969 3994 affirmamus
992 3921 1184 4007 hujusmodi
1207 3911 1351 4006 prodigia
