3025 4725
130 4177 249 4322 ι,

711 588 913 657 ...120-

322 730 496 807 incredulis
513 732 712 801 incredibilia
725 735 887 813 uidentur,
896 733 1030 799 minime
1041 730 1292 803 concludendum

322 864 359 909 ea
382 862 452 907 csse
468 838 558 919 laiso,
578 838 713 927 proinde
737 838 924 926 rejicienda.
945 836 1072 908 Sufficit
1085 839 1178 907 enim
1194 842 1294 911 ntiae·

323 960 431 1015 turum
442 944 669 1034 praedictnrum
686 945 926 1032 impossibilitas
954 944 1084 1031 probari
1101 968 1172 1015 non
1187 950 1294 1035 pussit3

322 1074 419 1141 porro
433 1050 605 1118 adr'ersurii
616 1056 784 1139 nunquim
796 1051 976 1139 probbrunt
990 1071 1104 1118 eorum
1125 1053 1300 1141 impossibi-

323 1158 458 1227 litatem.

368 1262 686 1351 respectentve:
712 1262 803 1329 lland
826 1260 956 1327 difficile
981 1262 1163 1348 explicatur
1176 1266 1304 1333 uictoria

321 1366 471 1437 bbrulroe.
485 1369 562 1437 Nam
580 1368 609 1435 l.
625 1368 755 1453 regibus
772 1367 933 1454 percussis
949 1388 1147 1435 numerosus
1164 1392 1233 1437 non
1243 1385 1306 1439 crat

321 1476 492 1555 exereitus,
511 1474 561 1540 isti
575 1475 660 1541 enim
673 1474 721 1539 viu
737 1472 833 1539 unius
845 1485 900 1537 aut
922 1470 1054 1538 alterins
1075 1472 1172 1543 urbis
1195 1476 1307 1563 prinei·

324 1602 381 1670 pes
404 1592 565 1647 crant.-
582 1578 616 1645 ἱ).
643 1576 803 1643 Abraham
827 1596 885 1642 cos
911 1576 1097 1659 aggreditur
1119 1592 1223 1645 noeto
1238 1600 1307 1647 cum

324 1694 441 1772 magne
454 1686 579 1774 peritii.
597 1718 643 1735 *—
657 1684 691 1749 5.
707 1683 867 1752 Coetcrirrn
884 1702 950 1747 uon
963 1690 1122 1769 repugnat
1132 1685 1304 1753 admittere

324 1793 557 1881 protectionem
570 1791 629 1857 Dei
654 1789 840 1877 specialem:
858 1816 873 1845 ι
892 1787 1086 1854 Benedictus
1102 1790 1196 1857 Decus
1208 1793 1306 1857 oscel-

324 1920 392 1978 rus,
417 1918 479 1983 quo
508 1906 694 1979 prorespectu
713 1896 818 1961 trustes
844 1896 881 1961 iu
903 1892 1055 1961 munibus
1072 1896 1137 1962 tuis
1152 1906 1301 1964 stent...-

326 2004 406 2069 (ien.
425 2002 479 2073 ld,
495 2000 550 2067 20.

371 2106 498 2173 bdiffl:
516 2104 773 2173 Etirmsilactum
787 2106 983 2175 uxoriabotb
994 2106 1036 2171 sit
1056 2107 1300 2186 miraculosum,

325 2232 389 2282 nnn
407 2222 585 2297 repugnat3
604 2223 635 2277 ct
650 2211 772 2297 Moyses
788 2211 869 2277 illud
890 2212 931 2277 iti
944 2210 1043 2277 relect
1055 2220 1090 2277 ut
1105 2213 1189 2282 clare
1205 2234 1300 2299 eppa·

323 2329 395 2386 reat
418 2314 608 2384 interventio
631 2316 749 2384 diuina.
774 2318 841 2386 Hoc
874 2316 969 2384 nobis
996 2316 1132 2384 suffieit:
1157 2332 1293 2382 tacemus

325 2425 464 2514 proinde
479 2429 522 2497 de
547 2426 652 2494 causis
668 2423 871 2492 naturalibus
888 2423 1009 2509 quibus
1023 2422 1288 2510 piuresiuterpre·

326 2542 374 2602 tes
401 2533 480 2602 illud
498 2535 657 2626 explicere
681 2529 830 2617 suggressi
853 2541 942 2597 sunt.
961 2529 1044 2596 Hanc
1060 2529 1189 2590 statuam
1211 2518 1282 2586 salis

327 2643 393 2710 suis
405 2645 607 2734 temporibus
619 2642 725 2710 adbuc
739 2637 883 2706 existisse
898 2643 1033 2706 testatur
1047 2630 1159 2720 ioseph
1174 2628 1229 2710 til.

370 2751 416 2817 td
433 2749 506 2819 5⁰¹⁹:
529 2751 674 2818 Gratuitu
695 2745 849 2814 asseritur
872 2741 1026 2812 liebroeos
1053 2737 1211 2827 accepisse
1235 2732 1295 2800 eir·

326 2858 559 2924 cumnisionem
576 2857 618 2924 ab
630 2853 851 2944 AEgyptiistil.

370 2961 497 3026 Adpo:
518 2961 733 3026 Contradictio
746 2981 815 3025 non
831 2958 923 3024 odest
937 2958 969 3022 in
981 2948 1300 3037 narrationclioysis.

327 3063 401 3128 Heu
417 3063 504 3128 enim
521 3063 618 3134 verba
633 3092 645 3121 α
658 3063 769 3134 omnin
782 3063 966 3130 uuimcutin
981 3089 995 3120 ι
1014 3059 1306 3151 intelligendasunt

327 3167 369 3232 de
387 3167 424 3232 iis
434 3166 585 3234 omnibns
600 3187 673 3254 qnae
684 3168 720 3232 iu
730 3169 820 3252 apris
831 3167 1031 3256 deprebensa
1041 3175 1130 3244 sunt,
1147 3186 1217 3232 non
1232 3165 1307 3228 uero

1401 469 1407 562 l

327 3274 369 3340 de
400 3272 617 3340 animantibus
645 3293 718 3358 quoe
734 3272 767 3338 in
790 3274 926 3340 urbibus
948 3273 999 3340 uel
1019 3271 1305 3360 domibus·erant·‚
1401 3359 1404 3366 Ι

326 3387 422 3468 proiit
444 3380 610 3463 colligitur·
636 3399 673 3446 ex
704 3399 799 3446 uersu
830 3378 851 3445 3
879 3377 1089 3468 precedenti.
1116 3377 1189 3442 [liei
1213 3376 1308 3441 etiam

327 3497 431 3568 potest
442 3504 583 3550 vocem«
603 3505 697 3554 omrre
708 3507 792 3552 »eon
809 3505 938 3573 semper
951 3485 1125 3570 designare
1149 3481 1266 3548 omnis
1280 3484 1310 3544 et

327 3588 452 3672 singula
470 3589 646 3672 individua,
659 3593 715 3658 sed
728 3593 891 3659 interdum
907 3590 1116 3658 solummodb
1128 3576 1248 3683 multa,
1264 3585 1311 3650 in·
1403 3576 1404 3583 '

362 3785 396 3852 (t)
410 3787 505 3852 Joscph
536 3794 598 3842 Aut.
614 3793 678 3843 Jud.
694 3791 750 3842 Lib.
766 3792 786 3853 t,
802 3805 858 3855 cup.
875 3792 915 3840 tt.

331 3961 338 4012 Ι
360 3879 393 3944 (i)
409 3882 465 3933 Viri.
478 3887 575 3936 Luttrcs
594 3886 624 3936 de
638 3885 759 3947 quelques
776 3884 859 3945 lulis,
872 3883 902 3932 T.
917 3882 949 3940 li,
964 3883 1061 3946 p362,
1076 3881 1125 3932 ant
1140 3883 1167 3928 ct
1180 3882 1224 3940 sq.
1242 3876 1310 3927 nuit·

329 3983 331 3988 ·
344 3963 402 4014 ern.
