3025 4725
701 610 879 677 ...92-

296 750 396 817 monii
422 750 592 835 generalis,
612 750 716 817 donee
744 751 785 815 de
821 749 892 834 ejus
923 748 1061 815 ntsitne
1089 761 1216 819 constet
1232 758 1281 823 rel

296 858 432 935 votione,
448 856 496 922 vel
513 858 713 923 auctoritate.
732 856 838 942 Atqui,
856 855 1102 947 —testirnonio
1127 862 1281 945 proedicto

296 986 362 1031 non
388 974 521 1051 possunt
544 962 726 1052 impugnari
756 963 897 1029 ratione:
932 962 1155 1032 testimonium
1194 969 1282 1034 enim

297 1068 487 1135 historicum
505 1068 627 1133 votione
651 1066 833 1155 impugnari
853 1085 918 1133 non
939 1075 1056 1154 potest,
1073 1069 1135 1133 nisi
1160 1069 1284 1138 loetum

297 1187 461 1241 narratum
479 1174 519 1238 sit
534 1173 727 1252 absurdum,
746 1173 796 1239 vel
824 1173 1044 1239 testimoninm
1065 1176 1284 1243 contradicto·

297 1281 398 1358 rioms
419 1292 556 1345 attamen
577 1292 728 1345 neutrum
750 1279 814 1343 diei
844 1286 949 1366 potest
969 1279 1001 1343 in
1018 1300 1095 1345 osso
1113 1286 1280 1367 proeseon.

296 1386 416 1452 -Non
432 1392 564 1474 possunt
589 1385 771 1472 impugnari
789 1386 999 1451 auctoritato:
1023 1386 1209 1471 Siquidem,
1240 1391 1282 1455 ad

298 1490 529 1555 tlestrnenvlum
540 1511 597 1579 per
606 1490 826 1557 auctoritatem
839 1490 980 1555 valorem
992 1490 1165 1556 testimonii
1178 1494 1280 1575 citati,

297 1596 356 1683 ipsi
372 1597 602 1683 opponendum
620 1596 702 1661 toret
719 1595 938 1661 testimonium
966 1595 1100 1679 aeqnolis
1126 1600 1281 1684 ponderis

251 1724 260 1742 ‘
297 1721 417 1785 negans
435 1700 662 1769 revelationem
682 1701 887 1789 primitivam,
912 1700 961 1765 vel
978 1702 1199 1768 testimonium
1213 1707 1280 1771 sol-

297 1806 406 1873 sroiens
423 1804 462 1871 ad
481 1806 680 1893 probandam
694 1807 871 1873 nullitatem
884 1806 1057 1872 testimonii
1071 1806 1157 1873 allati
1166 1832 1175 1888 ;
1190 1814 1281 1901 etqui

297 1924 447 1977 neutrum
466 1910 533 1975 fieri
553 1918 669 1997 potest.

568 2114 754 2179 PROBATIO
769 2119 821 2178 1111'
836 2122 1014 2217 GENERIS.¹

335 2286 372 2325 m
387 2261 550 2325 nmrmon'ro
565 2292 612 2327 seu
625 2294 657 2326 ex
672 2288 771 2329 nature
784 2269 922 2335 tostosmet
936 2286 1074 2340 rettotonts
1087 2291 1233 2341 punitum.

312 2433 319 2514 Ἰ
340 2419 439 2484 Proh.
458 2421 485 2484 Ι.
502 2419 622 2506 Religio
636 2421 869 2511 Primitive‘luit
885 2427 903 2489 ὲ
917 2423 986 2490 Deo
999 2424 1138 2498 roveloto,
1151 2424 1177 2484 si
1196 2443 1261 2484 non

295 2525 391 2596 luerit
406 2525 446 2590 ab
463 2526 594 2594 homine
611 2527 750 2606 invente,
771 2547 869 2613 porro
886 2549 951 2594 non
968 2527 1028 2594 luit
1040 2528 1170 2592 invento.
1191 2595 1193 2599 ¹

341 2633 423 2715 Quin
443 2633 477 2697 l⁰
492 2633 523 2698 Si
545 2633 657 2702 luisset
673 2633 813 2712 invento,
831 2631 882 2698 vel
898 2633 939 2698 ab
957 2633 1088 2699 homine
1102 2629 1162 2699 sibi
1175 2630 1266 2695 ‹lere-

294 2740 381 2819 lieto,
401 2741 450 2806 vel
467 2740 507 2806 ob
522 2741 653 2808 homine
665 2761 723 2828 per
736 2739 965 2807 revelationem
975 2740 1099 2806 monito
1111 2735 1273 2827 principiis

295 2847 444 2935 rationis,
458 2847 683 2932 Atqui—Non
694 2847 753 2914 luit
763 2845 890 2913 invento
907 2846 948 2912 ab
962 2831 1095 2919 homine
1111 2837 1173 2911 sibi
1188 2845 1275 2911 dere-

206 3005 213 3011 .
293 2949 369 3014 licto
378 2973 389 3034 :3
408 2951 511 3016 Homo
528 2954 615 3018 enim
627 2953 688 3016 sibi
700 2953 873 3020 derelictos
885 2953 926 3018 od
942 2954 1092 3019 veritates
1111 2951 1280 3036 religiosos

293 3075 359 3118 non
384 3055 503 3142 voleret
534 3077 727 3140 assurgere,
762 3059 823 3124 nisi
840 3068 915 3146 'per
944 3060 1102 3147 principie
1128 3058 1272 3127 rationis

294 3157 433 3227 Proinde
450 3159 511 3224 sibi
528 3160 701 3236 derelictus
718 3161 907 3248 religionem
925 3165 1069 3232 invenire
1085 3185 1150 3230 non
1161 3163 1275 3253 potuit,

294 3267 320 3332 si
337 3266 678 3354 obsquerevelstione,
698 3271 849 3356 praediots
863 3257 1003 3345 'rationis
1019 3271 1175 3359 principio
1197 3289 1278 3352 eog-

253 3421 258 3432 „
293 3393 428 3440 noscere
445 3392 509 3440 non
526 3374 687 3460 potuerit3
707 3398 803 3466 porro
824 3399 893 3443 rem
906 3379 949 3442 in
962 3397 1032 3444 esse
1044 3384 1143 3465 supro
1158 3375 1278 3464 probo·

293 3477 410 3557 vimus.
421 3479 544 3548 r-Non
561 3477 620 3544 luit
632 3480 758 3549 invento
775 3484 816 3550 ab
834 3483 1032 3572 homineper
1048 3482 1278 3550 revelationem

279 3575 417 3648 'monito
446 3578 609 3674 principiis
631 3590 788 3655 sotionisr
815 3592 849 3656 ln
877 3590 933 3656 illo
960 3592 1047 3658 enim
1079 3588 1276 3679 hypothesi,

244 3705 245 3712 ¹
293 3685 394 3762 Deos,
413 3687 453 3750 od
470 3691 740 3759 manifestandum
756 3695 880 3759 homini
890 3697 1095 3780 religionem,
1115 3693 1175 3780 ipsi
1192 3713 1278 3758 reve

293 3790 373 3854 leret
394 3790 497 3875 primo
525 3797 680 3886 principia
698 3800 842 3878 rationiS,
867 3809 902 3866 ut
930 3821 1045 3867 eorum
1069 3820 1131 3886 ope
1158 3803 1278 3883 etpost

292 3896 424 3980 longum
453 3911 579 3986 tempus
600 3916 709 3989 posset
733 3907 882 3971 veritates
906 3907 1074 3991 religiosos
1099 3905 1275 3995 deteger03
