<?xml version="1.0" encoding="UTF-8"?>
<!DOCTYPE html PUBLIC "-//W3C//DTD XHTML 1.0 Transitional//EN"
    "http://www.w3.org/TR/xhtml1/DTD/xhtml1-transitional.dtd">
<html xmlns="http://www.w3.org/1999/xhtml" xml:lang="en" lang="en">
 <head>
  <title>
</title>
<meta http-equiv="Content-Type" content="text/html;charset=utf-8" />
  <meta name='ocr-system' content='tesseract 3.04.00' />
  <meta name='ocr-capabilities' content='ocr_page ocr_carea ocr_par ocr_line ocrx_word'/>
</head>
<body>
  <div class='ocr_page' id='page_1' title='image "./theologiadogmat02fraigoog/theologiadogmat02fraigoog_0331.png"; bbox 0 0 3025 4725; ppageno 0'>
   <div class='ocr_carea' id='block_1_1' title="bbox 651 460 780 526">
    <p class='ocr_par' dir='ltr' id='par_1_1' title="bbox 651 460 850 526">
     <span class='ocr_line' id='line_1_1' title="bbox 651 460 780 526; baseline 0.01 -2"><span class='ocrx_word' id='word_1_1' title='bbox 651 496 697 508; x_wconf 91' lang='grc'><strong>-</strong></span> <span class='ocrx_word' id='word_1_2' title='bbox 719 460 780 526; x_wconf 78' lang='lat' dir='ltr'>sar</span> 
     </span>
    </p>
   </div>
   <div class='ocr_carea' id='block_1_2' title="bbox 251 586 1241 1526">
    <p class='ocr_par' dir='ltr' id='par_1_2' title="bbox 251 586 1241 1526">
     <span class='ocr_line' id='line_1_2' title="bbox 255 586 1241 684; baseline 0.01 -27"><span class='ocrx_word' id='word_1_3' title='bbox 255 608 346 669; x_wconf 91' lang='lat' dir='ltr'>rum,</span> <span class='ocrx_word' id='word_1_4' title='bbox 363 586 526 667; x_wconf 84' lang='lat' dir='ltr'>Christus,</span> <span class='ocrx_word' id='word_1_5' title='bbox 547 586 634 665; x_wconf 85' lang='lat' dir='ltr'>dux,</span> <span class='ocrx_word' id='word_1_6' title='bbox 662 610 720 677; x_wconf 91' lang='lat' dir='ltr'>per</span> <span class='ocrx_word' id='word_1_7' title='bbox 737 611 835 677; x_wconf 91' lang='lat' dir='ltr'>quem</span> <span class='ocrx_word' id='word_1_8' title='bbox 856 591 955 656; x_wconf 87' lang='lat' dir='ltr'>tinem</span> <span class='ocrx_word' id='word_1_9' title='bbox 971 593 1108 681; x_wconf 78' lang='lat' dir='ltr'><strong>accipiet</strong></span> <span class='ocrx_word' id='word_1_10' title='bbox 1125 602 1241 684; x_wconf 85' lang='lat' dir='ltr'>pecea-</span> 
     </span>
     <span class='ocr_line' id='line_1_3' title="bbox 254 693 1239 783; baseline 0.01 -24"><span class='ocrx_word' id='word_1_11' title='bbox 254 706 341 773; x_wconf 89' lang='lat' dir='ltr'>tum,</span> <span class='ocrx_word' id='word_1_12' title='bbox 361 694 522 759; x_wconf 76' lang='lat' dir='ltr'>delebitur</span> <span class='ocrx_word' id='word_1_13' title='bbox 549 693 701 780; x_wconf 86' lang='lat' dir='ltr'>iniquitas</span> <span class='ocrx_word' id='word_1_14' title='bbox 727 710 758 761; x_wconf 89' lang='lat' dir='ltr'>et</span> <span class='ocrx_word' id='word_1_15' title='bbox 793 696 976 763; x_wconf 88' lang='lat' dir='ltr'>adducetur</span> <span class='ocrx_word' id='word_1_16' title='bbox 997 696 1121 783; x_wconf 82' lang='lat' dir='ltr'>justitia</span> <span class='ocrx_word' id='word_1_17' title='bbox 1154 723 1239 770; x_wconf 88' lang='lat' dir='ltr'>scm-</span> 
     </span>
     <span class='ocr_line' id='line_1_4' title="bbox 253 800 1237 892; baseline 0.007 -26"><span class='ocrx_word' id='word_1_18' title='bbox 253 800 396 891; x_wconf 88' lang='lat' dir='ltr'>piterna.</span> <span class='ocrx_word' id='word_1_19' title='bbox 415 800 464 867; x_wconf 89' lang='lat' dir='ltr'>De</span> <span class='ocrx_word' id='word_1_20' title='bbox 480 800 549 867; x_wconf 87' lang='lat' dir='ltr'>solo</span> <span class='ocrx_word' id='word_1_21' title='bbox 562 802 677 868; x_wconf 78' lang='lat' dir='ltr'>Messih</span> <span class='ocrx_word' id='word_1_22' title='bbox 693 803 755 868; x_wconf 90' lang='lat' dir='ltr'>dici</span> <span class='ocrx_word' id='word_1_23' title='bbox 772 810 877 890; x_wconf 87' lang='lat' dir='ltr'>potest</span> <span class='ocrx_word' id='word_1_24' title='bbox 888 827 896 867; x_wconf 74' lang='grc' dir='ltr'><em>ι</em></span> <span class='ocrx_word' id='word_1_25' title='bbox 907 805 1013 869; x_wconf 84' lang='lat' dir='ltr'>veniet</span> <span class='ocrx_word' id='word_1_26' title='bbox 1028 806 1107 885; x_wconf 84' lang='lat' dir='ltr'>Rex,</span> <span class='ocrx_word' id='word_1_27' title='bbox 1116 805 1237 892; x_wconf 87' lang='lat' dir='ltr'>justus,</span> 
     </span>
     <span class='ocr_line' id='line_1_5' title="bbox 251 900 1233 998; baseline 0.003 -23"><span class='ocrx_word' id='word_1_28' title='bbox 251 900 422 985; x_wconf 80' lang='lat' dir='ltr'>Salvator3</span> <span class='ocrx_word' id='word_1_29' title='bbox 441 907 593 993; x_wconf 84' lang='lat' dir='ltr'><strong>loquetur</strong></span> <span class='ocrx_word' id='word_1_30' title='bbox 609 928 720 995; x_wconf 87' lang='lat' dir='ltr'>pacem</span> <span class='ocrx_word' id='word_1_31' title='bbox 739 909 890 992; x_wconf 84' lang='lat' dir='ltr'>gentibus</span> <span class='ocrx_word' id='word_1_32' title='bbox 907 922 939 976; x_wconf 91' lang='lat' dir='ltr'>et</span> <span class='ocrx_word' id='word_1_33' title='bbox 954 918 1094 997; x_wconf 87' lang='lat' dir='ltr'>potestas</span> <span class='ocrx_word' id='word_1_34' title='bbox 1119 912 1190 998; x_wconf 87' lang='lat' dir='ltr'>ejus</span> <span class='ocrx_word' id='word_1_35' title='bbox 1215 919 1233 978; x_wconf 80' lang='lat' dir='ltr'>d</span> 
     </span>
     <span class='ocr_line' id='line_1_6' title="bbox 253 1013 1239 1100; baseline 0.003 -19"><span class='ocrx_word' id='word_1_36' title='bbox 253 1015 469 1099; x_wconf 87' lang='lat' dir='ltr'>mariusque</span> <span class='ocrx_word' id='word_1_37' title='bbox 497 1013 537 1077; x_wconf 84' lang='lat' dir='ltr'>ad</span> <span class='ocrx_word' id='word_1_38' title='bbox 565 1034 672 1093; x_wconf 74' lang='lat' dir='ltr'>mare,</span> <span class='ocrx_word' id='word_1_39' title='bbox 703 1014 866 1099; x_wconf 74' lang='lat' dir='ltr'>absterget</span> <span class='ocrx_word' id='word_1_40' title='bbox 889 1028 1002 1100; x_wconf 76' lang='lat' dir='ltr'>gentes</span> <span class='ocrx_word' id='word_1_41' title='bbox 1018 1017 1156 1097; x_wconf 90' lang='lat' dir='ltr'>multas,</span> <span class='ocrx_word' id='word_1_42' title='bbox 1183 1025 1239 1084; x_wconf 69' lang='lat' dir='ltr'>su*-</span> 
     </span>
     <span class='ocr_line' id='line_1_7' title="bbox 254 1118 1239 1212; baseline 0.004 -25"><span class='ocrx_word' id='word_1_43' title='bbox 254 1142 315 1210; x_wconf 90' lang='lat' dir='ltr'>per</span> <span class='ocrx_word' id='word_1_44' title='bbox 338 1121 444 1207; x_wconf 89' lang='lat' dir='ltr'>ipsum</span> <span class='ocrx_word' id='word_1_45' title='bbox 467 1118 684 1185; x_wconf 79' lang='lat' dir='ltr'>continebunt</span> <span class='ocrx_word' id='word_1_46' title='bbox 720 1142 812 1205; x_wconf 79' lang='lat' dir='ltr'>reges</span> <span class='ocrx_word' id='word_1_47' title='bbox 837 1143 873 1186; x_wconf 88' lang='lat' dir='ltr'>os</span> <span class='ocrx_word' id='word_1_48' title='bbox 898 1143 1012 1203; x_wconf 83' lang='lat' dir='ltr'>suum3</span> <span class='ocrx_word' id='word_1_49' title='bbox 1042 1122 1144 1189; x_wconf 76' lang='lat' dir='ltr'>&#39;liuore</span> <span class='ocrx_word' id='word_1_50' title='bbox 1168 1124 1239 1212; x_wconf 88' lang='lat' dir='ltr'>ejus</span> 
     </span>
     <span class='ocr_line' id='line_1_8' title="bbox 252 1216 1236 1317; baseline 0.003 -23"><span class='ocrx_word' id='word_1_51' title='bbox 252 1216 455 1295; x_wconf 87' lang='lat' dir='ltr'>sanabuntur</span> <span class='ocrx_word' id='word_1_52' title='bbox 489 1228 660 1306; x_wconf 80' lang='lat' dir='ltr'>homines3</span> <span class='ocrx_word' id='word_1_53' title='bbox 685 1240 747 1293; x_wconf 91' lang='lat' dir='ltr'>etc.</span> <span class='ocrx_word' id='word_1_54' title='bbox 771 1217 816 1276; x_wconf 53' lang='grc'>-’</span> <span class='ocrx_word' id='word_1_55' title='bbox 837 1228 953 1310; x_wconf 75' lang='lat' dir='ltr'>Quoad</span> <span class='ocrx_word' id='word_1_56' title='bbox 994 1231 1179 1317; x_wconf 82' lang='lat' dir='ltr'>prophetias</span> <span class='ocrx_word' id='word_1_57' title='bbox 1204 1232 1236 1297; x_wconf 93' lang='lat' dir='ltr'>in</span> 
     </span>
     <span class='ocr_line' id='line_1_9' title="bbox 253 1327 1236 1423; baseline 0.003 -23"><span class='ocrx_word' id='word_1_58' title='bbox 253 1332 375 1421; x_wconf 89' lang='lat' dir='ltr'>quibus</span> <span class='ocrx_word' id='word_1_59' title='bbox 399 1348 589 1399; x_wconf 86' lang='lat' dir='ltr'>enarrantur</span> <span class='ocrx_word' id='word_1_60' title='bbox 606 1352 718 1400; x_wconf 88' lang='lat' dir='ltr'>omncs</span> <span class='ocrx_word' id='word_1_61' title='bbox 748 1327 997 1400; x_wconf 86' lang='lat' dir='ltr'>circumstantiae</span> <span class='ocrx_word' id='word_1_62' title='bbox 1025 1338 1183 1423; x_wconf 82' lang='lat' dir='ltr'>passionis</span> <span class='ocrx_word' id='word_1_63' title='bbox 1198 1358 1236 1403; x_wconf 80' lang='lat' dir='ltr'>ee</span> 
     </span>
     <span class='ocr_line' id='line_1_10' title="bbox 251 1437 1234 1526; baseline 0.003 -21"><span class='ocrx_word' id='word_1_64' title='bbox 251 1438 368 1505; x_wconf 74' lang='lat' dir='ltr'>mortis</span> <span class='ocrx_word' id='word_1_65' title='bbox 381 1439 514 1517; x_wconf 67' lang='lat' dir='ltr'>Messius,</span> <span class='ocrx_word' id='word_1_66' title='bbox 534 1440 593 1504; x_wconf 91' lang='lat' dir='ltr'>hos</span> <span class='ocrx_word' id='word_1_67' title='bbox 610 1439 756 1526; x_wconf 72' lang='lat' dir='ltr'>explicite</span> <span class='ocrx_word' id='word_1_68' title='bbox 789 1447 820 1504; x_wconf 89' lang='lat' dir='ltr'>ct</span> <span class='ocrx_word' id='word_1_69' title='bbox 836 1441 961 1526; x_wconf 84' lang='lat' dir='ltr'>absque</span> <span class='ocrx_word' id='word_1_70' title='bbox 988 1437 1055 1505; x_wconf 73' lang='lat' dir='ltr'>utta‘</span> <span class='ocrx_word' id='word_1_71' title='bbox 1079 1442 1234 1508; x_wconf 88' lang='lat' dir='ltr'>reclama·</span> 
     </span>
    </p>
   </div>
   <div class='ocr_carea' id='block_1_3' title="bbox 252 1532 1354 1633">
    <p class='ocr_par' dir='ltr' id='par_1_3' title="bbox 252 1532 1354 1633">
     <span class='ocr_line' id='line_1_11' title="bbox 252 1532 1354 1633; baseline 0.003 -21"><span class='ocrx_word' id='word_1_72' title='bbox 252 1532 1237 1633; x_wconf 72' lang='lat' dir='ltr'>tionevindicaruntApostoliadprobandumGhristumesse</span> <span class='ocrx_word' id='word_1_73' title='bbox 1350 1572 1354 1575; x_wconf 92' lang='lat'>·</span> 
     </span>
    </p>
   </div>
   <div class='ocr_carea' id='block_1_4' title="bbox 249 1651 1321 2794">
    <p class='ocr_par' dir='ltr' id='par_1_4' title="bbox 249 1651 1237 2167">
     <span class='ocr_line' id='line_1_12' title="bbox 250 1651 1234 1739; baseline -0.001 -20"><span class='ocrx_word' id='word_1_74' title='bbox 250 1652 414 1729; x_wconf 82' lang='lat' dir='ltr'>Messium,</span> <span class='ocrx_word' id='word_1_75' title='bbox 433 1652 504 1715; x_wconf 90' lang='lat' dir='ltr'>illos</span> <span class='ocrx_word' id='word_1_76' title='bbox 531 1651 626 1716; x_wconf 89' lang='lat' dir='ltr'>etiam</span> <span class='ocrx_word' id='word_1_77' title='bbox 644 1652 762 1737; x_wconf 80' lang='lat' dir='ltr'>saepius</span> <span class='ocrx_word' id='word_1_78' title='bbox 791 1652 957 1737; x_wconf 81' lang='lat' dir='ltr'>usurpauit</span> <span class='ocrx_word' id='word_1_79' title='bbox 973 1652 1041 1739; x_wconf 89' lang='lat' dir='ltr'>ipse</span> <span class='ocrx_word' id='word_1_80' title='bbox 1073 1652 1234 1732; x_wconf 84' lang='lat' dir='ltr'>Christus;</span> 
     </span>
     <span class='ocr_line' id='line_1_13' title="bbox 251 1758 1237 1845; baseline 0.001 -21"><span class='ocrx_word' id='word_1_81' title='bbox 251 1758 342 1824; x_wconf 78' lang='lat' dir='ltr'>unde</span> <span class='ocrx_word' id='word_1_82' title='bbox 359 1765 483 1823; x_wconf 84' lang='lat' dir='ltr'>constat</span> <span class='ocrx_word' id='word_1_83' title='bbox 498 1758 668 1845; x_wconf 88' lang='lat' dir='ltr'>praedictos</span> <span class='ocrx_word' id='word_1_84' title='bbox 689 1766 791 1823; x_wconf 81' lang='lat' dir='ltr'>textus</span> <span class='ocrx_word' id='word_1_85' title='bbox 804 1758 844 1822; x_wconf 89' lang='lat' dir='ltr'>de</span> <span class='ocrx_word' id='word_1_86' title='bbox 861 1758 973 1823; x_wconf 77' lang='lat' dir='ltr'>blessia</span> <span class='ocrx_word' id='word_1_87' title='bbox 989 1765 1124 1825; x_wconf 89' lang='lat' dir='ltr'>venturo</span> <span class='ocrx_word' id='word_1_88' title='bbox 1137 1758 1237 1825; x_wconf 87' lang='lat' dir='ltr'>luisse</span> 
     </span>
     <span class='ocr_line' id='line_1_14' title="bbox 250 1855 1237 1951; baseline 0.002 -22"><span class='ocrx_word' id='word_1_89' title='bbox 250 1864 469 1930; x_wconf 86' lang='lat' dir='ltr'>communiter</span> <span class='ocrx_word' id='word_1_90' title='bbox 493 1864 729 1950; x_wconf 88' lang='lat' dir='ltr'>interpretatos.</span> <span class='ocrx_word' id='word_1_91' title='bbox 749 1863 931 1945; x_wconf 78' lang='lat' dir='ltr'>—Quoad</span> <span class='ocrx_word' id='word_1_92' title='bbox 958 1855 1079 1930; x_wconf 82' lang='lat' dir='ltr'>textum</span> <span class='ocrx_word' id='word_1_93' title='bbox 1110 1865 1143 1929; x_wconf 94' lang='lat' dir='ltr'>in</span> <span class='ocrx_word' id='word_1_94' title='bbox 1171 1886 1237 1951; x_wconf 88' lang='lat' dir='ltr'>quo</span> 
     </span>
     <span class='ocr_line' id='line_1_15' title="bbox 250 1956 1237 2059; baseline 0.002 -23"><span class='ocrx_word' id='word_1_95' title='bbox 250 1970 488 2059; x_wconf 86' lang='lat' dir='ltr'>praenuntiatur</span> <span class='ocrx_word' id='word_1_96' title='bbox 516 1970 655 2054; x_wconf 76' lang='lat' dir='ltr'>gloriosa</span> <span class='ocrx_word' id='word_1_97' title='bbox 689 1956 878 2057; x_wconf 82' lang='lat' dir='ltr'>sepullum,</span> <span class='ocrx_word' id='word_1_98' title='bbox 902 1991 940 2036; x_wconf 85' lang='lat' dir='ltr'>ex</span> <span class='ocrx_word' id='word_1_99' title='bbox 972 1972 1237 2038; x_wconf 82' lang='lat' dir='ltr'>antecedentibus</span> 
     </span>
     <span class='ocr_line' id='line_1_16' title="bbox 249 2071 1143 2167; baseline -0.001 -25"><span class='ocrx_word' id='word_1_100' title='bbox 249 2090 337 2167; x_wconf 88' lang='lat' dir='ltr'>patet</span> <span class='ocrx_word' id='word_1_101' title='bbox 354 2078 441 2141; x_wconf 91' lang='lat' dir='ltr'>hunc</span> <span class='ocrx_word' id='word_1_102' title='bbox 457 2087 577 2142; x_wconf 85' lang='lat' dir='ltr'>textum</span> <span class='ocrx_word' id='word_1_103' title='bbox 595 2077 635 2142; x_wconf 88' lang='lat' dir='ltr'>ad</span> <span class='ocrx_word' id='word_1_104' title='bbox 651 2076 799 2157; x_wconf 81' lang='lat' dir='ltr'>Messinm</span> <span class='ocrx_word' id='word_1_105' title='bbox 816 2098 886 2142; x_wconf 91' lang='lat' dir='ltr'>esse</span> <span class='ocrx_word' id='word_1_106' title='bbox 909 2071 1143 2142; x_wconf 81' lang='lat' dir='ltr'>referendum.</span> 
     </span>
    </p>

    <p class='ocr_par' dir='ltr' id='par_1_5' title="bbox 251 2181 1321 2567">
     <span class='ocr_line' id='line_1_17' title="bbox 296 2181 1321 2273; baseline -0.001 -25"><span class='ocrx_word' id='word_1_107' title='bbox 296 2183 387 2248; x_wconf 81' lang='lat' dir='ltr'>501n</span> <span class='ocrx_word' id='word_1_108' title='bbox 405 2181 455 2251; x_wconf 90' lang='lat' dir='ltr'>his</span> <span class='ocrx_word' id='word_1_109' title='bbox 470 2183 611 2247; x_wconf 72' lang='lat' dir='ltr'>‘textibus</span> <span class='ocrx_word' id='word_1_110' title='bbox 629 2182 750 2247; x_wconf 89' lang='lat' dir='ltr'>mentio</span> <span class='ocrx_word' id='word_1_111' title='bbox 768 2181 908 2273; x_wconf 85' lang='lat' dir='ltr'>habetur</span> <span class='ocrx_word' id='word_1_112' title='bbox 924 2182 965 2247; x_wconf 91' lang='lat' dir='ltr'>de</span> <span class='ocrx_word' id='word_1_113' title='bbox 997 2181 1151 2247; x_wconf 87' lang='lat' dir='ltr'>omnibus</span> <span class='ocrx_word' id='word_1_114' title='bbox 1174 2183 1235 2248; x_wconf 89' lang='lat' dir='ltr'>cir·</span> <span class='ocrx_word' id='word_1_115' title='bbox 1318 2269 1321 2273; x_wconf 14' lang='lat' dir='ltr'><em>A</em></span> 
     </span>
     <span class='ocr_line' id='line_1_18' title="bbox 251 2272 1321 2376; baseline -0.008 -17"><span class='ocrx_word' id='word_1_116' title='bbox 251 2289 454 2359; x_wconf 85' lang='lat' dir='ltr'>oumstantiis</span> <span class='ocrx_word' id='word_1_117' title='bbox 467 2287 659 2353; x_wconf 86' lang='lat' dir='ltr'>enuntiatis:</span> <span class='ocrx_word' id='word_1_118' title='bbox 674 2287 706 2353; x_wconf 88' lang='lat' dir='ltr'>Si</span> <span class='ocrx_word' id='word_1_119' title='bbox 724 2272 861 2376; x_wconf 85' lang='lat' dir='ltr'>primam</span> <span class='ocrx_word' id='word_1_120' title='bbox 875 2286 1025 2373; x_wconf 82' lang='lat' dir='ltr'>excipias,</span> <span class='ocrx_word' id='word_1_121' title='bbox 1042 2305 1154 2350; x_wconf 93' lang='lat' dir='ltr'>omnes</span> <span class='ocrx_word' id='word_1_122' title='bbox 1164 2284 1235 2351; x_wconf 72' lang='lat' dir='ltr'>alias</span> <span class='ocrx_word' id='word_1_123' title='bbox 1317 2314 1321 2319; x_wconf 87' lang='lat'><strong>·</strong></span> 
     </span>
     <span class='ocr_line' id='line_1_19' title="bbox 253 2383 1232 2483; baseline -0.005 -23"><span class='ocrx_word' id='word_1_124' title='bbox 253 2396 563 2483; x_wconf 75' lang='lat' dir='ltr'>nullaexplicatione</span> <span class='ocrx_word' id='word_1_125' title='bbox 579 2383 736 2479; x_wconf 80' lang='lat' dir='ltr'>indigent,</span> <span class='ocrx_word' id='word_1_126' title='bbox 755 2407 787 2460; x_wconf 91' lang='lat' dir='ltr'>et</span> <span class='ocrx_word' id='word_1_127' title='bbox 799 2389 946 2480; x_wconf 79' lang='lat' dir='ltr'>explicite</span> <span class='ocrx_word' id='word_1_128' title='bbox 960 2391 1174 2477; x_wconf 82' lang='lat' dir='ltr'>perhibentur</span> <span class='ocrx_word' id='word_1_129' title='bbox 1199 2393 1232 2455; x_wconf 92' lang='lat' dir='ltr'>in</span> 
     </span>
     <span class='ocr_line' id='line_1_20' title="bbox 259 2502 1011 2567; baseline 0.008 -7"><span class='ocrx_word' id='word_1_130' title='bbox 259 2502 537 2567; x_wconf 76' lang='lat' dir='ltr'>vaticiniisallatis</span> <span class='ocrx_word' id='word_1_131' title='bbox 741 2511 745 2518; x_wconf 86' lang='lat'>&#39;</span> <span class='ocrx_word' id='word_1_132' title='bbox 1008 2517 1011 2520; x_wconf 76' lang='grc'>’</span> 
     </span>
    </p>

    <p class='ocr_par' dir='ltr' id='par_1_6' title="bbox 260 2599 1280 2794">
     <span class='ocr_line' id='line_1_21' title="bbox 305 2599 1234 2696; baseline 0 -31"><span class='ocrx_word' id='word_1_133' title='bbox 305 2603 404 2684; x_wconf 85' lang='lat' dir='ltr'>Nunc,</span> <span class='ocrx_word' id='word_1_134' title='bbox 417 2608 524 2696; x_wconf 78' lang='lat' dir='ltr'>quobd</span> <span class='ocrx_word' id='word_1_135' title='bbox 542 2603 662 2673; x_wconf 84' lang='lat' dir='ltr'>textum</span> <span class='ocrx_word' id='word_1_136' title='bbox 678 2605 835 2683; x_wconf 79' lang='lat' dir='ltr'>Danielis,</span> <span class='ocrx_word' id='word_1_137' title='bbox 866 2605 899 2669; x_wconf 96' lang='lat' dir='ltr'>in</span> <span class='ocrx_word' id='word_1_138' title='bbox 925 2602 980 2668; x_wconf 91' lang='lat' dir='ltr'>illo</span> <span class='ocrx_word' id='word_1_139' title='bbox 999 2599 1234 2688; x_wconf 75' lang='lat' dir='ltr'>praenuntiatur</span> 
     </span>
     <span class='ocr_line' id='line_1_22' title="bbox 260 2705 1280 2794; baseline 0.007 -24"><span class='ocrx_word' id='word_1_140' title='bbox 260 2705 406 2772; x_wconf 84' lang='lat' dir='ltr'>Messian</span> <span class='ocrx_word' id='word_1_141' title='bbox 421 2714 632 2779; x_wconf 88' lang='lat' dir='ltr'>occidendum</span> <span class='ocrx_word' id='word_1_142' title='bbox 647 2709 1018 2794; x_wconf 82' lang='lat' dir='ltr'>esseintratrigesimum</span> <span class='ocrx_word' id='word_1_143' title='bbox 1036 2705 1167 2771; x_wconf 88' lang='lat' dir='ltr'>tertium</span> <span class='ocrx_word' id='word_1_144' title='bbox 1178 2718 1234 2772; x_wconf 90' lang='lat' dir='ltr'>aut</span> <span class='ocrx_word' id='word_1_145' title='bbox 1278 2774 1280 2777; x_wconf 84' lang='lat'>.</span> 
     </span>
    </p>
   </div>
   <div class='ocr_carea' id='block_1_5' title="bbox 259 2809 638 2902">
    <p class='ocr_par' dir='ltr' id='par_1_7' title="bbox 259 2809 638 2902">
     <span class='ocr_line' id='line_1_23' title="bbox 259 2809 638 2902; baseline 0.021 -25"><span class='ocrx_word' id='word_1_146' title='bbox 259 2809 516 2902; x_wconf 86' lang='lat' dir='ltr'>quartumaetatis</span> <span class='ocrx_word' id='word_1_147' title='bbox 533 2841 638 2886; x_wconf 83' lang='lat' dir='ltr'>novae.</span> 
     </span>
    </p>
   </div>
   <div class='ocr_carea' id='block_1_6' title="bbox 301 2909 1345 3013">
    <p class='ocr_par' dir='ltr' id='par_1_8' title="bbox 301 2909 1345 3013">
     <span class='ocr_line' id='line_1_24' title="bbox 301 2909 1345 3013; baseline -0.001 -27"><span class='ocrx_word' id='word_1_148' title='bbox 301 2919 390 2986; x_wconf 89' lang='lat' dir='ltr'>Dicit</span> <span class='ocrx_word' id='word_1_149' title='bbox 411 2924 491 2990; x_wconf 91' lang='lat' dir='ltr'>enim</span> <span class='ocrx_word' id='word_1_150' title='bbox 516 2926 673 3013; x_wconf 81' lang='lat' dir='ltr'>propheta</span> <span class='ocrx_word' id='word_1_151' title='bbox 707 2909 869 2990; x_wconf 82' lang='lat' dir='ltr'>Christum</span> <span class='ocrx_word' id='word_1_152' title='bbox 895 2921 1001 2986; x_wconf 91' lang='lat' dir='ltr'>occidi</span> <span class='ocrx_word' id='word_1_153' title='bbox 1023 2920 1143 2986; x_wconf 88' lang='lat' dir='ltr'>debere</span> <span class='ocrx_word' id='word_1_154' title='bbox 1164 2934 1236 3013; x_wconf 87' lang='lat' dir='ltr'>post</span> <span class='ocrx_word' id='word_1_155' title='bbox 1342 2933 1345 2936; x_wconf 81' lang='grc'><strong>’</strong></span> 
     </span>
    </p>
   </div>
   <div class='ocr_carea' id='block_1_7' title="bbox 247 3023 1234 3326">
    <p class='ocr_par' dir='ltr' id='par_1_9' title="bbox 247 3023 1234 3326">
     <span class='ocr_line' id='line_1_25' title="bbox 247 3023 1233 3120; baseline -0.003 -28"><span class='ocrx_word' id='word_1_156' title='bbox 247 3027 472 3101; x_wconf 89' lang='lat' dir='ltr'>hebdomades</span> <span class='ocrx_word' id='word_1_157' title='bbox 489 3046 612 3120; x_wconf 87' lang='lat' dir='ltr'>septem</span> <span class='ocrx_word' id='word_1_158' title='bbox 629 3031 829 3115; x_wconf 80' lang='lat' dir='ltr'>etsexaginta</span> <span class='ocrx_word' id='word_1_159' title='bbox 847 3029 927 3104; x_wconf 90' lang='lat' dir='ltr'>duas</span> <span class='ocrx_word' id='word_1_160' title='bbox 945 3028 987 3094; x_wconf 93' lang='lat' dir='ltr'>ab</span> <span class='ocrx_word' id='word_1_161' title='bbox 1003 3027 1089 3091; x_wconf 85' lang='lat' dir='ltr'>exitu</span> <span class='ocrx_word' id='word_1_162' title='bbox 1107 3023 1233 3120; x_wconf 71' lang='lat' dir='ltr'>sermo·</span> 
     </span>
     <span class='ocr_line' id='line_1_26' title="bbox 247 3128 1231 3222; baseline -0.006 -24"><span class='ocrx_word' id='word_1_163' title='bbox 247 3134 298 3199; x_wconf 87' lang='lat' dir='ltr'>nis</span> <span class='ocrx_word' id='word_1_164' title='bbox 316 3143 352 3199; x_wconf 91' lang='lat' dir='ltr'>ut</span> <span class='ocrx_word' id='word_1_165' title='bbox 368 3136 681 3204; x_wconf 77' lang='lat' dir='ltr'>iterum&#39;aedificctur</span> <span class='ocrx_word' id='word_1_166' title='bbox 696 3137 889 3222; x_wconf 84' lang='lat' dir='ltr'>Jerusalem,</span> <span class='ocrx_word' id='word_1_167' title='bbox 904 3153 941 3198; x_wconf 92' lang='lat' dir='ltr'>ac</span> <span class='ocrx_word' id='word_1_168' title='bbox 958 3131 1094 3219; x_wconf 78' lang='lat' dir='ltr'>proinde</span> <span class='ocrx_word' id='word_1_169' title='bbox 1112 3128 1144 3192; x_wconf 87' lang='lat' dir='ltr'>in</span> <span class='ocrx_word' id='word_1_170' title='bbox 1162 3149 1231 3216; x_wconf 86' lang='lat' dir='ltr'>sep</span> 
     </span>
     <span class='ocr_line' id='line_1_27' title="bbox 247 3233 1234 3326; baseline -0.005 -22"><span class='ocrx_word' id='word_1_171' title='bbox 247 3241 428 3326; x_wconf 77' lang='lat' dir='ltr'>tuagesimh</span> <span class='ocrx_word' id='word_1_172' title='bbox 444 3241 663 3310; x_wconf 77' lang='lat' dir='ltr'>hebdomada.</span> <span class='ocrx_word' id='word_1_173' title='bbox 682 3242 818 3308; x_wconf 82' lang='lat' dir='ltr'>lnlerids</span> <span class='ocrx_word' id='word_1_174' title='bbox 831 3240 943 3306; x_wconf 86' lang='lat' dir='ltr'>addit:</span> <span class='ocrx_word' id='word_1_175' title='bbox 961 3237 995 3303; x_wconf 80' lang='lat' dir='ltr'>ln</span> <span class='ocrx_word' id='word_1_176' title='bbox 1006 3233 1143 3301; x_wconf 79' lang='lat' dir='ltr'>dimidio</span> <span class='ocrx_word' id='word_1_177' title='bbox 1163 3233 1234 3300; x_wconf 77' lang='lat' dir='ltr'>heb</span> 
     </span>
    </p>
   </div>
   <div class='ocr_carea' id='block_1_8' title="bbox 246 3332 1309 3436">
    <p class='ocr_par' dir='ltr' id='par_1_10' title="bbox 246 3332 1309 3436">
     <span class='ocr_line' id='line_1_28' title="bbox 246 3332 1309 3436; baseline -0.003 -27"><span class='ocrx_word' id='word_1_178' title='bbox 246 3347 396 3412; x_wconf 70' lang='lat' dir='ltr'>dorcadis</span> <span class='ocrx_word' id='word_1_179' title='bbox 409 3351 531 3436; x_wconf 78' lang='lat' dir='ltr'>deficiet</span> <span class='ocrx_word' id='word_1_180' title='bbox 546 3352 652 3416; x_wconf 82' lang='lat' dir='ltr'>hostia</span> <span class='ocrx_word' id='word_1_181' title='bbox 669 3360 697 3414; x_wconf 85' lang='lat' dir='ltr'>et</span> <span class='ocrx_word' id='word_1_182' title='bbox 709 3348 922 3435; x_wconf 72' lang='lat' dir='ltr'>sacrificittnc3</span> <span class='ocrx_word' id='word_1_183' title='bbox 938 3360 1025 3432; x_wconf 84' lang='lat' dir='ltr'>quae,</span> <span class='ocrx_word' id='word_1_184' title='bbox 1039 3341 1130 3428; x_wconf 81' lang='lat' dir='ltr'>juxta</span> <span class='ocrx_word' id='word_1_185' title='bbox 1144 3358 1234 3407; x_wconf 89' lang='lat' dir='ltr'>men·</span> <span class='ocrx_word' id='word_1_186' title='bbox 1289 3332 1309 3377; x_wconf 63' lang='grc' dir='ltr'>Ὗ</span> 
     </span>
    </p>
   </div>
   <div class='ocr_carea' id='block_1_9' title="bbox 246 3441 1350 3544">
    <p class='ocr_par' dir='ltr' id='par_1_11' title="bbox 246 3441 1350 3544">
     <span class='ocr_line' id='line_1_29' title="bbox 246 3441 1350 3544; baseline -0.004 -30"><span class='ocrx_word' id='word_1_187' title='bbox 246 3461 311 3534; x_wconf 79' lang='lat' dir='ltr'>tem</span> <span class='ocrx_word' id='word_1_188' title='bbox 340 3453 531 3540; x_wconf 88' lang='lat' dir='ltr'>prophetae,</span> <span class='ocrx_word' id='word_1_189' title='bbox 550 3463 699 3544; x_wconf 59' lang='lat' dir='ltr'>[mortem</span> <span class='ocrx_word' id='word_1_190' title='bbox 731 3453 854 3518; x_wconf 85' lang='lat' dir='ltr'>llessiae</span> <span class='ocrx_word' id='word_1_191' title='bbox 896 3449 1108 3516; x_wconf 86' lang='lat' dir='ltr'>subsecutura</span> <span class='ocrx_word' id='word_1_192' title='bbox 1144 3441 1230 3511; x_wconf 78' lang='lat' dir='ltr'>sunt.</span> <span class='ocrx_word' id='word_1_193' title='bbox 1346 3473 1350 3477; x_wconf 41' lang='lat'><em>*</em></span> 
     </span>
    </p>
   </div>
   <div class='ocr_carea' id='block_1_10' title="bbox 242 3552 1234 3838">
    <p class='ocr_par' dir='ltr' id='par_1_12' title="bbox 242 3552 1234 3838">
     <span class='ocr_line' id='line_1_30' title="bbox 245 3552 1234 3646; baseline -0.002 -27"><span class='ocrx_word' id='word_1_194' title='bbox 245 3555 343 3639; x_wconf 80' lang='lat' dir='ltr'>Ergo,</span> <span class='ocrx_word' id='word_1_195' title='bbox 357 3577 395 3624; x_wconf 84' lang='lat' dir='ltr'>ex</span> <span class='ocrx_word' id='word_1_196' title='bbox 405 3559 555 3644; x_wconf 87' lang='lat' dir='ltr'>Daniele,</span> <span class='ocrx_word' id='word_1_197' title='bbox 576 3559 719 3626; x_wconf 84' lang='lat' dir='ltr'>Christus</span> <span class='ocrx_word' id='word_1_198' title='bbox 748 3557 851 3624; x_wconf 89' lang='lat' dir='ltr'>occidi</span> <span class='ocrx_word' id='word_1_199' title='bbox 873 3554 974 3646; x_wconf 86' lang='lat' dir='ltr'>dehet¹</span> <span class='ocrx_word' id='word_1_200' title='bbox 985 3553 1018 3618; x_wconf 95' lang='lat' dir='ltr'>in</span> <span class='ocrx_word' id='word_1_201' title='bbox 1036 3552 1143 3618; x_wconf 87' lang='lat' dir='ltr'>medio</span> <span class='ocrx_word' id='word_1_202' title='bbox 1159 3572 1234 3637; x_wconf 92' lang='lat' dir='ltr'>sep·</span> 
     </span>
     <span class='ocr_line' id='line_1_31' title="bbox 246 3657 1233 3746; baseline -0.003 -21"><span class='ocrx_word' id='word_1_203' title='bbox 246 3662 437 3746; x_wconf 80' lang='lat' dir='ltr'>tuagesimae</span> <span class='ocrx_word' id='word_1_204' title='bbox 461 3665 677 3732; x_wconf 86' lang='lat' dir='ltr'>hebdomadis</span> <span class='ocrx_word' id='word_1_205' title='bbox 705 3666 744 3731; x_wconf 90' lang='lat' dir='ltr'>uh</span> <span class='ocrx_word' id='word_1_206' title='bbox 762 3664 847 3730; x_wconf 85' lang='lat' dir='ltr'>exitu</span> <span class='ocrx_word' id='word_1_207' title='bbox 870 3659 1090 3741; x_wconf 81' lang='lat' dir='ltr'>sermonisut</span> <span class='ocrx_word' id='word_1_208' title='bbox 1115 3657 1233 3722; x_wconf 78' lang='lat' dir='ltr'>iterhm</span> 
     </span>
     <span class='ocr_line' id='line_1_32' title="bbox 242 3767 811 3838; baseline 0.011 -6"><span class='ocrx_word' id='word_1_209' title='bbox 242 3767 694 3838; x_wconf 80' lang='lat' dir='ltr'>aerlilicstur&#39;lerusalenr.&#39;</span> <span class='ocrx_word' id='word_1_210' title='bbox 806 3767 811 3774; x_wconf 74' lang='grc'><strong><em>’</em></strong></span> 
     </span>
    </p>
   </div>
   <div class='ocr_carea' id='block_1_11' title="bbox 0 0 1518 4725">
    <p class='ocr_par' dir='ltr' id='par_1_13' title="bbox 0 0 1518 4725">
     <span class='ocr_line' id='line_1_33' title="bbox 0 0 1518 4725; baseline 0 3"><span class='ocrx_word' id='word_1_211' title='bbox 0 0 1518 4725; x_wconf 95' lang='lat' dir='ltr'> </span> 
     </span>
    </p>
   </div>
  </div>
 </body>
</html>
