3025 4725
704 617 883 684 -26-

266 805 270 814 ι
308 759 476 827 affirmatio
487 757 566 824 cittii
582 757 669 822 aiiud
688 769 736 823 est
751 765 849 844 quam
877 759 1045 840 Egoismus
1070 771 1101 824 et
1124 762 1283 834 Pantireis-

307 885 380 932 mus
397 863 605 950 subjecturus,
620 875 655 928 ut
673 863 805 928 evidens
823 863 972 930 est-Si
985 864 1155 932 admittant
1176 869 1289 936 identi-

306 970 487 1039 ficationem
503 965 641 1054 subjecti
650 969 842 1054 cognitionis
859 989 934 1034 cum
952 969 1078 1055 objecto
1104 973 1205 1040 reali:
1224 977 1294 1042 Jam

308 1095 512 1162 unaquaeque
533 1092 625 1140 mens
645 1074 860 1140 identificatur
881 1095 956 1140 curn
980 1076 1132 1144 omnibus
1157 1080 1299 1167 objectis

306 1180 591 1267 cognoscibilibus,
617 1193 649 1246 et
670 1181 779 1246 omnia
810 1178 936 1266 objecta
959 1183 1194 1264 cognoscibilia
1224 1202 1321 1254 sunt.

306 1287 419 1354 eadem
429 1285 566 1364 interae,
578 1290 652 1351 cirnr
663 1285 849 1351 sinteadem
868 1286 923 1352 uni
937 1287 1043 1364 tertio,
1057 1285 1180 1355 scilicet
1196 1295 1298 1360 menti
1309 1317 1324 1341 ν

304 1393 469 1462 humanm.
489 1394 587 1458 Porro
612 1392 682 1458 ltaec
701 1391 867 1464 conclusio
892 1391 973 1460 nihii
991 1393 1080 1474 aliud
1105 1408 1167 1474 est,
1196 1406 1296 1482 quam

304 1499 528 1565 Pantireismus
545 1497 732 1584 objections,
751 1505 788 1563 ut
800 1496 933 1563 evidens
951 1510 1010 1563 est.

349 1604 407 1670 Hic
423 1616 531 1670 autem
547 1603 771 1670 Pantheismus
782 1601 885 1671 varias
900 1602 1007 1668 induit
1015 1601 1029 1667 s
1032 1624 1138 1670 comas
1154 1596 1220 1693 pro
1239 1632 1291 1676 na·

304 1715 375 1776 tura
400 1710 602 1796 objectorum
623 1706 860 1795 'aphiiosophis
877 1707 1109 1776 admissorum.
1127 1749 1176 1760 -
1190 1709 1224 1780 Si
1237 1716 1293 1782 oh·
1401 1719 1402 1742 ³

300 1813 424 1900 jectum
447 1813 625 1879 admissum
644 1813 685 1877 sit
708 1833 826 1899 corpus
847 1812 966 1892 solum,
995 1815 1226 1886 Pantheismus
1247 1831 1293 1890 est
1401 1841 1402 1844 ’

303 1921 580 1986 materialisto.—
594 1918 627 1984 Si
647 1918 687 1982 sit
710 1918 843 2004 spiritus
869 1918 973 1998 solus,
996 1921 1228 1992 Pantheismus
1245 1941 1292 1994 est

302 2023 627 2107 spiritualium-Si
641 2023 808 2109 objectum
836 2025 1014 2092 admissum
1031 2026 1072 2090 sit
1100 2033 1239 2098 materia
1254 2034 1291 2098 si·

302 2127 371 2196 mul
384 2139 415 2192 et
438 2127 580 2213 spiritus,
603 2129 829 2196 Pantheismus
845 2143 893 2196 est
908 2131 1004 2196 simul
1028 2136 1288 2206 materiatarum

302 2233 577 2318 spirituaiiata,-
589 2235 636 2313 si,
651 2234 769 2321 rejecta
780 2235 924 2322 corporis
946 2247 978 2302 ct
996 2237 1128 2324 spiritus
1146 2241 1279 2307 eristen·

303 2341 345 2409 tia
358 2337 449 2421 reali,
468 2340 655 2409 admittatur
664 2342 829 2409 existentia
847 2343 928 2409 ideae
939 2341 1280 2423 solius,Pantheismus

303 2448 525 2517 esttdeatiua.
949 2527 953 2536 x

258 2534 267 2546 '⁵
318 2642 323 2647 1
347 2557 447 2623 Porro
467 2578 565 2624 nemo
582 2560 760 2637 conridet,
781 2571 811 2624 et
840 2556 923 2625 inira
937 2561 1156 2633 ostendemus,
1169 2573 1265 2639 quan·

211 2651 215 2655 ’
300 2669 369 2740 trim
391 2670 561 2756 Egoismus
577 2677 608 2736 et
635 2670 862 2735 Panthcismus
878 2667 1086 2755 subjectum,
1110 2661 1264 2731 Panthei-s·

302 2797 374 2842 mus
387 2776 565 2863 objectivus
577 2795 653 2842 cum
668 2776 763 2842 variis
780 2776 848 2849 suis
858 2774 981 2853 formis,
1001 2779 1159 2862 repugnet
1168 2766 1277 2837 rationi

299 2880 465 2947 humanae.
484 2882 613 2946 Falsum
629 2892 678 2946 cst
698 2881 834 2967 proindc
849 2880 1049 2967 principium
1071 2880 1159 2960 undo
1175 2878 1275 2944 fluunt

299 2982 489 3066 hujusmodi
504 2983 687 3049 corollaria.
719 3044 722 3047 ,

335 3087 415 3148 lmo
427 3085 587 3152 certitudo
602 3084 760 3172 objectiva
778 3108 843 3152 non
869 3092 964 3175 exigit
983 3093 1205 3176 cognitionem
1228 3084 1282 3156 irn-

230 3222 235 3225 ·
296 3190 475 3257 ‘mediatam
490 3191 633 3262 insensu
661 3191 786 3271 latiori,
810 3194 940 3274 scilicet,
963 3198 1184 3281 cognitionem
1211 3216 1285 3283 quac

299 3300 497 3387 producatur
506 3296 540 3362 in
556 3294 663 3362 anima
676 3298 838 3367 mediante
846 3306 970 3369 tantiam
987 3303 1110 3379 lumino
1124 3304 1209 3374 intur
1221 3302 1284 3370 ob·

235 3413 239 3417 “
296 3403 419 3489 jectum
432 3413 625 3470 ermentem.
638 3402 799 3492 Alioquin,
813 3412 899 3489 cirin,
914 3428 1005 3485 mens
1015 3409 1139 3495 objecta
1154 3422 1283 3475 externa

257 3517 259 3521 “
299 3528 364 3594 non
380 3507 486 3572 rideat
512 3507 710 3588 immediato,
735 3512 794 3577 sad
819 3517 942 3580 tantiam
960 3514 1178 3593 mediantibus
1201 3514 1283 3579 ima-

297 3611 469 3696 ginibusct
485 3613 578 3692 ideis,
589 3614 616 3680 si
629 3616 706 3682 visio
716 3618 901 3683 immediata
915 3605 955 3709 ad
976 3620 1205 3705 certitudinem
1223 3620 1283 3685 ob-

294 3717 443 3803 jectiram
461 3720 653 3806 exigeretur,
675 3723 715 3789 de
739 3724 891 3790 omnibus
915 3723 1115 3811 realitatibus
1143 3725 1283 3801 externis

299 3822 381 3916 foret
393 3823 621 3893 dubitandum.

343 3931 480 3999 Proindd
491 3932 531 3999 ad
542 3934 766 4001 certitudinem
782 3934 971 4022 objectiram
985 3938 1016 4005 io
1039 3951 1148 4005 morato
1166 3957 1281 4005 crean-
