3025 4725
700 586 899 650 -208-

306 730 440 813 tigiones
454 727 603 813 mythieis
615 728 671 793 niti
688 726 896 793 commentis.
916 728 947 791 l.
967 727 1114 815 llythieae
1136 748 1206 795 non
1224 736 1304 797 sunt

305 834 478 917 religiones
489 854 628 919 quarum
641 833 794 918 dogmata
807 839 839 899 et
849 843 1010 921 prtaeepta
1023 832 1064 899 ab
1081 833 1181 899 initio
1195 838 1307 903 eonsi-

306 949 400 1025 gnata
435 938 567 1005 luerunt
601 940 632 1005 in
662 940 789 1027 seriptis
820 960 857 1005 ae
885 939 1107 1005 monumentis
1138 941 1303 1028 publicis.

307 1048 444 1115 Eventus
461 1046 640 1111 etdoetrina
653 1044 742 1111 hisee
760 1044 874 1111 tradita
883 1044 1023 1133 seriptis,
1037 1044 1099 1110 lisa
1108 1060 1146 1111 et
1154 1046 1304 1126 delinita,

308 1164 476 1218 servamur
492 1152 671 1216 aeminimd
682 1164 738 1217 aut
753 1151 867 1217 saltem
883 1146 1137 1236 perdidieillime
1147 1153 1304 1239 mythiois

309 1257 610 1345 interpolationibus
620 1256 795 1323 adulterari
808 1265 943 1343 queunt.
953 1255 1171 1325 Talesuutem
1181 1260 1307 1326 exstite

311 1372 386 1431 runt
398 1364 510 1449 religio
521 1370 661 1443 mosaica
672 1376 703 1429 et
711 1362 825 1447 religio
837 1362 1023 1440 christiana,
1033 1383 1117 1449 quus
1131 1365 1187 1430 nix
1199 1365 1243 1431 ab
1254 1364 1306 1431 hri·

312 1469 865 1558 tioseripturaedemandatassuisse
884 1468 1055 1536 traditione
1067 1472 1302 1537 constan—h.

313 1577 448 1664 hlythiea
465 1578 713 1665 etiamreputnri
726 1596 791 1641 non
804 1583 909 1663 potest
923 1574 1037 1659 religio
1049 1595 1142 1660 qum,
1153 1576 1238 1643 'lieet
1253 1597 1307 1665 per
1352 1573 1355 1577 ’

314 1682 519 1750 traditionem
545 1684 744 1762 transmisso,
771 1682 852 1747 intra
869 1681 1000 1746 easdem
1020 1680 1223 1750 diffunditur
1246 1683 1305 1747 eir

316 1789 523 1854 eumstantias
544 1788 656 1875 quales
672 1797 885 1854 occurrerunt
900 1798 1046 1871 tempore
1063 1786 1303 1872 predicationis

318 1894 529 1977 Euangeliou.

362 2000 408 2061 hd
425 1999 501 2061 hur
521 2000 618 2082 lietp.
640 1998 830 2065 llutiunihus
842 1998 912 2085 jhm
929 1998 1080 2086 superihs
1096 2000 1205 2065 allatis
1226 2018 1300 2063 eon-

318 2102 417 2169 lutatu
430 2117 479 2169 est
492 2102 644 2189 objectio.
667 2106 756 2171 Nune
784 2106 940 2193 speciales
961 2104 1136 2192 superaddi
1167 2115 1297 2195 possunt

322 2196 503 2275 solutiones
516 2208 557 2275 ed
569 2211 747 2296 quamlibet
755 2210 948 2297 objectionis
957 2223 1096 2297 partem.

368 2318 404 2386 1⁰
427 2318 463 2387 lo
492 2317 683 2409 Evangelio,
703 2318 791 2388 sieut
818 2317 850 2383 in
874 2316 1013 2407 mythis,
1035 2318 1197 2384 ahundaut
1213 2333 1283 2401 pro·

321 2424 431 2512 digia.-
825 2433 829 2440 '

368 2533 404 2598 ll.
425 2531 542 2600 Contra
551 2555 684 2604 ornnem
703 2533 860 2601 rationem
878 2530 920 2596 l).
937 2531 1061 2600 Strauss
1077 2539 1165 2612 negat
1186 2518 1280 2613 possi-

324 2639 479 2706 hilitatem
493 2633 736 2708 miraeulerum.
751 2635 824 2709 Vid.
844 2655 919 2727 quse
934 2636 1086 2717 diximus,
1100 2633 1155 2699 uhi
1170 2633 1207 2697 de
1217 2629 1289 2695 Pos-

322 2747 648 2816 sihititotetniroettli.

369 2855 406 2917 2⁰
422 2857 459 2919 In
477 2855 659 2941 Evangelio,
676 2857 758 2923 sieut
772 2855 804 2920 in
823 2851 961 2941 mythis,
980 2850 1149 2917 abundant
1179 2857 1295 2915 eontra·

325 2960 496 3022 dictiones.

243 3049 244 3054 ¹
299 3055 301 3060 ’
329 3074 332 3082 ’
372 3063 410 3126 R.
423 3061 436 3123 l
448 3109 455 3126 .
468 3061 608 3128 Plurima
620 3085 657 3128 ex
670 3066 720 3130 his
730 3087 803 3149 quoe
814 3065 940 3150 judicio
952 3064 993 3130 D.
1004 3063 1134 3129 Shnuss
1147 3063 1211 3130 sihi
1228 3075 1293 3126 eon·

326 3165 512 3232 tradicentis
529 3168 691 3244 videntur,
702 3169 835 3233 minime
845 3191 957 3243 seeum
969 3164 1126 3259 pugnant.
1141 3169 1194 3235 Sin
1208 3169 1299 3246 litun·

325 3274 453 3356 gelistas
469 3293 533 3339 non
551 3272 667 3338 eadem
685 3271 786 3351 laeta,
804 3275 855 3341 vel
877 3277 991 3342 eadem
1016 3276 1073 3342 sed
1103 3296 1168 3340 non
1192 3271 1301 3339 eodem

325 3377 1302 3462 rrrodoreterre,sartensemcontradictione-h.Quam

326 3477 473 3570 plurimae
489 3482 756 3552 contradictiones
773 3509 854 3574 quos
877 3488 967 3574 impii
989 3486 1211 3552 recentiorum
1237 3489 1303 3546 aeta·

326 3605 393 3652 tum
410 3588 449 3653 ud
467 3587 691 3656 infirmandam
709 3593 952 3678 Evangeliorum
977 3590 1203 3658 auctoritatem
1226 3587 1307 3652 dete·

323 3716 401 3778 gere
417 3694 521 3760 eonati
539 3708 624 3776 sunt,
641 3711 672 3763 et
688 3720 768 3786 quos
785 3701 826 3769 D.
850 3701 978 3766 Strnuss
999 3698 1136 3764 istorum
1167 3685 1305 3774 vestigiis

326 3802 488 3870 inhaerens
520 3803 559 3868 nd
592 3803 792 3872 fulciendum
826 3827 922 3872 suum
946 3812 1085 3890 systema
1114 3801 1255 3867 denoto
1276 3792 1305 3861 itt

326 3893 1305 4004 roccaromanataurianasexpiscatoerueruntahitaer·
