3025 4725
102 280 1412 338 --—---——-----„

706 508 905 573 -lld—

368 661 402 726 lo
423 660 546 744 Moyses
571 662 679 719 narrat
696 650 776 718 locta
791 645 1022 717 Pentateucbi:
1042 641 1163 731 duplici
1191 647 1291 723 modo,

321 768 441 835 scilicet
465 784 521 851 per
543 756 796 829 pentateuchum
817 754 937 840 ipsum,
960 770 1019 837 per
1034 763 1248 816 monuments
1261 751 1296 817 sb

319 871 545 963 ipsoinsrituto
557 866 596 933 ad
607 860 862 953 perpetuandam
872 854 1063 923 memoriam
1074 854 1302 943 praedictorum

319 981 489 1048 laetorum.
501 1012 546 1024 -
561 974 622 1039 Per
637 965 912 1037 pentateuchum:
930 960 1066 1028 notata
1091 960 1181 1025 enim
1199 962 1306 1028 Penta·

319 1084 428 1153 teuclri
445 1076 699 1153 authenticitate,
721 1082 846 1139 constat
869 1070 997 1154 Moysen
1022 1086 1094 1133 esse
1108 1065 1214 1151 hujus
1236 1066 1308 1133 libri

320 1205 506 1266 noctorcm3
525 1186 566 1252 ob
582 1184 651 1272 ipso
664 1178 800 1269 proinde
813 1174 936 1241 narrari
946 1172 1029 1239 tacta
1043 1172 1075 1237 in
1085 1172 1308 1239 Pentateucho

318 1298 504 1367 incluso.-
516 1296 575 1361 Por
598 1294 828 1357 monumenta:
848 1281 978 1347 Constat
994 1278 1081 1344 enim
1102 1297 1141 1343 ex
1160 1278 1305 1347 dictisin
1410 1323 1411 1326 ,

321 1404 512 1495 probatione
529 1392 716 1483 integritatis
732 1386 960 1463 Pentatcncbi,
985 1387 1002 1449 i
1032 1383 1139 1468 Moyse
1160 1381 1307 1449 instituta

324 1512 425 1580 tuisse
440 1514 649 1575 monumenta
668 1493 949 1565 commemoratira
966 1490 1126 1556 tactorum
1138 1488 1307 1579 popurus.

319 1616 468 1696 roetico,
487 1634 559 1701 quae
575 1631 635 1677 suo
652 1606 749 1672 modo
771 1602 841 1668 boec
856 1599 937 1665 sueta
965 1595 1200 1661 transmittunt.
1285 1584 1290 1589 ’

364 1726 405 1791 2⁰
423 1724 544 1811 Moyses
559 1728 668 1783 narrat
679 1706 976 1779 loctaPentatencbi
993 1724 1070 1771 cum
1081 1704 1303 1769 convictione:

319 1832 415 1908 Mam,
435 1829 462 1893 si
479 1826 603 1909 Moyses
620 1818 772 1909 praedicta
789 1814 876 1881 iacta·
898 1815 1061 1877 nerrdsset
1082 1808 1209 1896 absque
1229 1829 1306 1875 con·
1410 1803 1411 1810 '

323 1934 472 2008 nimione,
493 1948 569 2013 ergo
585 1926 698 1991 inisset
712 1922 883 2008 impostor.
898 1917 996 1984 Porro
1013 1914 1078 1981 boc
1094 1914 1157 1980 dici
1173 1935 1239 1980 non
1251 1932 1306 1999 po·
1410 1931 1411 1934 ¹

320 2053 397 2107 test
417 2034 583 2123 Siquidem
603 2032 634 2099 l.
653 2030 723 2096 boec
746 2024 962 2093 incriminatio
979 2020 1075 2094 ¹nulli
1090 2020 1215 2088 ratione
1229 2018 1301 2083 niti·

322 2144 478 2215 tue—2.
492 2136 686 2208 contradicit
698 2131 936 2202 characteribus
952 2126 1141 2195 sinceritatis
1151 2126 1184 2189 in
1193 2124 1298 2207 Moyse

211 2326 213 2329 .
325 2268 357 2323 et
372 2248 591 2321 Pentateucho
609 2239 841 2319 relucentibus.
851 2236 885 2303 ln
900 2236 1009 2321 Moyse
1023 2233 1107 2298 enim
1116 2233 1292 2295 constantes

324 2373 457 2454 apparet
473 2354 607 2426 eximius
625 2369 751 2418 morum
774 2342 906 2418 candor,
920 2337 1092 2425 egregiam
1106 2332 1203 2396 Deum
1219 2324 1283 2410 pie

258 2515 260 2524 ι
313 2487 382 2552 aas,
398 2469 541 2537 studium
554 2459 678 2529 virtutis
693 2460 858 2528 constans,
877 2428 1284 2522 admirandsingennitssin

317 2576 512 2646 confitendis
530 2571 595 2637 suis
612 2553 1030 2656 suorumqueerroribusct
1041 2545 1133 2622 vitiis,
1146 2538 1292 2608 lnleren·

287 2713 291 2716 ·
323 2686 372 2750 dis
388 2669 503 2766 ingrati
513 2675 623 2764 populi
634 2672 683 2738 sui
696 2652 1003 2735 contradictionibus
1013 2671 1139 2720 somma
1151 2641 1297 2737 patientia

323 2803 353 2853 et
370 2783 645 2864 ebaritasMoyses
659 2777 826 2858 nunquum
842 2766 925 2848 vitiis
937 2762 1107 2828 bominum
1123 2751 1298 2825 blanditur,

260 2909 262 2914 ‘
321 2895 490 2975 nunqoim
506 2883 677 2948 bominum
693 2876 834 2940 levorem
860 2865 1060 2956 aucupatum
1078 2863 1137 2929 sed
1152 2853 1301 2945 gravissi-

322 3015 392 3063 mos
407 2994 494 3076 leges
511 2984 648 3073 imponit
664 2979 851 3045 bominibus
868 2977 959 3042 durae
971 2969 1122 3045 cervicis,
1138 2966 1244 3052 iisque
1258 2980 1304 3025 re·

322 3100 516 3176 bellionemy
528 3091 723 3178 impietatem
740 3085 859 3172 ssepiiss
881 3089 913 3147 ct
926 3080 1010 3145 dure
1027 3071 1215 3161 exprobrat.
1229 3065 1304 3134 rear.

319 3218 372 3301 ret
390 3199 553 3274 sensibilia
570 3209 603 3261 et
621 3192 762 3283 publico,
780 3211 846 3256 non
862 3195 940 3254 verb
955 3185 1094 3250 obscuro
1115 3184 1150 3242 et·
1168 3175 1302 3262 privata.

321 3313 510 3391 Tbmlonge
531 3301 670 3368 abomnt
687 3297 822 3387 proprio
838 3286 1235 3362 commodoeliennsest,
1254 3283 1306 3351 ut,

320 3422 461 3516 propriis
478 3418 551 3483 liliis
574 3417 605 3481 in
617 3415 786 3480 levitarum
798 3409 893 3498 plebe
912 3403 1053 3478 relictis,
1072 3397 1177 3463 daron
1199 3407 1308 3458 saeer-

322 3533 431 3600 dotem
461 3538 494 3590 et
529 3525 628 3589 lesue
651 3521 768 3586 docem
807 3510 918 3601 populi
950 3499 1166 3576 constituerit.
1198 3495 1308 3582 Stylus

320 3631 528 3704 Pentateuohi
541 3638 588 3696 cst
600 3626 746 3714 simplex,
760 3623 803 3687 ita
822 3627 857 3684 nt
871 3605 1177 3700 ansam-praebnerit
1190 3595 1305 3668 multis

324 3739 559 3828 objectionibus
577 3735 695 3822 quibus
713 3730 837 3814 Moyses
863 3723 998 3795 obviare
1023 3709 1117 3783 tacite
1136 3703 1306 3797 potuisset.

319 3855 419 3918 Porro
435 3847 505 3911 brec
530 3842 659 3913 omnis,
678 3846 714 3899 ut
730 3833 861 3901 evidens
878 3837 946 3906 cst,
965 3830 1136 3892 remorent
1150 3806 1201 3880 rel
1217 3804 1310 3876 mini·

316 3948 549 4034 merobaudis
573 3937 801 4028 suspicionem.

126 4083 215 4186 Ι
