3025 4725
727 620 927 691 —tte-

337 762 395 833 ttb.
411 768 441 833 ll
456 762 559 833 Parni.
576 784 604 830 e.
625 762 667 829 bl
689 764 807 849 legitor
836 763 978 830 lleloinm
1000 763 1203 833 sacerdotem
1224 764 1304 835 colu·

338 890 414 937 men
430 870 509 957 legis
527 871 684 958 reperisse
695 870 728 935 in
745 872 844 935 domn
859 870 1002 947 Domini,
1025 879 1057 935 et
1083 872 1124 935 ad
1140 870 1228 938 illius
1249 874 1306 939 lec·

339 980 472 1057 tionem,
492 996 600 1061 regem
613 975 953 1055 losinm‚.Pontillcem
969 982 1002 1041 et
1022 976 1309 1066 universumpopu·

335 1084 405 1151 lum
429 1080 634 1171 obstupuisse
660 1084 814 1167 tanqubm
831 1082 872 1146 de
897 1102 932 1146 re
947 1088 1029 1146 nortl
1046 1094 1078 1146 et
1093 1082 1254 1150 inaudite.
1274 1118 1314 1133 -—

337 1190 406 1258 Lib.
425 1191 465 1259 lv
478 1190 568 1255 usur.
588 1208 617 1254 e.
644 1188 699 1253 lt.
720 1194 870 1253 narratur
891 1188 999 1253 emnia
1023 1187 1104 1271 legis
1123 1191 1315 1279 exemplario

336 1295 486 1363 incendio
506 1293 774 1380 ierosolymitano
790 1292 986 1380 periisse-
998 1293 1032 1357 2.
1050 1294 1142 1359 ltlem
1163 1294 1316 1362 liberter·

336 1416 422 1470 tatur
436 1402 535 1469 libros
545 1422 652 1469 sacros
666 1421 704 1467 ex
721 1401 847 1483 integro
859 1398 900 1465 ab
912 1398 1012 1465 Esdrt
1027 1398 1127 1465 luisse
1137 1403 1313 1469 restitutos.

337 1508 380 1575 Ex
405 1508 462 1575 lib.
481 1508 496 1575 l
512 1506 658 1575 llucbub.
678 1526 707 1573 c.
725 1506 755 1584 l,
781 1526 811 1570 v.
836 1504 892 1584 59,
911 1516 1057 1593 tempore
1084 1508 1316 1592 persecutionis

335 1610 481 1679 Antiochi
497 1632 609 1678 omnes
622 1609 695 1675 libri
708 1608 790 1675 sacri
806 1608 967 1673 combusti
979 1620 1066 1673 sunt.
1079 1609 1120 1673 Ex
1132 1611 1241 1677 tribus
1255 1610 1315 1675 lac-

336 1721 376 1785 tis
401 1718 503 1785 citatis
518 1716 664 1804 sequitur
684 1728 832 1801 tempore
845 1714 943 1779 losioe
960 1726 991 1778 et
1006 1712 1153 1781 Antiochi
1182 1736 1314 1804 perpau·

335 1824 462 1891 sissima
474 1818 680 1889 Pentateucbi
698 1818 855 1885 exstitisse
863 1818 1071 1905 exemplaria3
1082 1821 1223 1906 proinde
1239 1820 1312 1887 Pon

336 1928 520 1997 tuteuchum
538 1922 680 2013 potuisse
693 1922 786 1991 facile
802 1922 1072 1990 adulterari.-5.
1091 1926 1205 2010 Magna
1222 1941 1267 1993 est
1281 1926 1312 1991 in

337 2032 574 2119 exemplaribus
601 2030 841 2106 discordantia;
871 2030 903 2093 in
931 2028 1051 2115 specie,
1077 2029 1140 2095 sub
1169 2038 1312 2117 respectu

244 2172 255 2185 ι
336 2134 553 2220 chronologice
580 2134 732 2201 dillerunt
760 2132 953 2222 exemplaria
980 2134 1154 2214 hebraica,
1181 2138 1310 2200 samari·
1417 2175 1418 2180 κ

340 2258 412 2311 tana
429 2254 460 2309 et
483 2242 562 2308 LXX
583 2243 809 2329 interpretum.
830 2278 873 2289 -
893 2240 928 2305 i.
953 2238 1011 2306 SS.
1029 2240 1138 2308 Patres
1163 2252 1307 2307 accusant
1417 2245 1418 2280 ἒ

336 2351 466 2418 Judaeos
486 2346 739 2438 interpolationis
766 2345 941 2434 Scripturae
965 2367 1078 2414 suerso.

381 2457 419 2523 ll.
444 2458 488 2526 Ad
501 2457 570 2523 1⁰⁰⁰:
586 2455 616 2521 l.
643 2454 759 2540 Quotd
776 2449 1056 2533 tactum‘tteloiae,
1074 2462 1176 2536 stupor
1200 2444 1293 2510 losiae

337 2573 368 2632 et
384 2564 494 2654 populi
510 2585 574 2631 non
590 2563 707 2652 probat
723 2559 976 2627 Pentateuebum
990 2560 1082 2626 luisse
1096 2557 1243 2638 ignotum.
1255 2547 1291 2610 ln

335 2673 456 2761 templo
470 2671 555 2739 enim
580 2672 743 2738 inventum
766 2667 870 2733 lueret
898 2665 999 2754 ipsius
1030 2663 1297 2751 bloysisautogrn-

337 2781 451 2866 pirum,
467 2787 498 2844 et
515 2777 714 2865 probabilius
730 2768 1022 2841 Deuteronomium
1047 2769 1135 2856 quod
1160 2765 1199 2831 arl
1223 2762 1305 2827 latus

334 2885 423 2950 Areae
450 2884 589 2970 positum
612 2883 715 2948 luerat
737 2886 754 2946 b
779 2880 899 2966 Moyse.
926 2876 1223 2943 Probabilissimum
1262 2878 1308 2932 est

335 2985 456 3048 losinm
474 2995 671 3047 commotum
682 2981 781 3046 luisse
804 2992 933 3069 aspectu
948 2983 1012 3044 tlrn
1029 2973 1204 3044 venerandi
1221 2977 1309 3038 euto-
1351 3065 1355 3071 “
1416 3060 1417 3063 ¹

337 3086 463 3174 graphi,
484 3097 514 3151 et
529 3085 604 3151 ideo
620 3087 725 3151 verbis
742 3086 822 3169 legis
835 3099 867 3152 et
883 3082 1191 3152 comminationibus
1209 3097 1247 3142 ex
1258 3093 1310 3139 to·
1416 3070 1417 3127 l

337 3189 459 3258 lumine
486 3189 624 3256 recitatis
654 3189 857 3256 attentiorem
886 3200 1028 3254 mentem
1059 3184 1254 3273 proebuisse.
1271 3177 1313 3242 lta
1416 3174 1417 3217 ἶ

215 3315 217 3318 ·
337 3297 422 3364 'etnim
439 3297 482 3364 eit
497 3294 556 3362 lib.
572 3294 606 3362 ll·
617 3291 787 3372 Paralbl,
799 3293 864 3358 bl:
887 3293 1053 3377 «Mopsus
1067 3292 1164 3374 soror
1183 3281 1315 3353 Domini
1389 3310 1391 3313 ·

94 3457 97 3486 ἰ
216 3409 217 3414 ’
336 3403 471 3469 stillavit
481 3419 578 3485 super·
598 3406 669 3477 ctos,
684 3402 720 3462 eti
736 3399 899 3482 puerinon
913 3393 1128 3462 custodierint
1143 3390 1229 3478 (non
1249 3389 1312 3452 ait:

336 3525 371 3570 eo
382 3509 470 3591 quod
482 3521 548 3571 noc
558 3504 716 3584 noverint)
726 3515 840 3588 potres
851 3503 956 3567 nostri
974 3499 1074 3567 verbo
1091 3495 1242 3564 Domini.
1258 3521 1317 3550 »ν-
1415 3544 1416 3547 η

330 3609 453 3694 Quobd
463 3610 680 3676 narrationem
693 3609 770 3676 libri
783 3608 821 3677 lV
835 3600 958 3685 lisdem,
971 3608 1032 3697 iste
1041 3605 1125 3671 liber
1135 3600 1318 3670 nulliusest

229 3767 235 3774 -
335 3715 709 3800 auctoritatis-Quom
729 3714 991 3784 combustionem
1007 3712 1166 3778 librorum
1183 3703 1317 3771 suble·

94 3891 96 3900 ,
336 3823 456 3904 tioebo,
475 3825 507 3890 irl
526 3843 627 3892 unum
645 3822 827 3907 narretglib.
845 3822 860 3884 l
875 3819 981 3885 llueb.
996 3811 1232 3883 saeros-libros
1245 3827 1317 3874 oon·

94 3921 99 4024 ξ
334 3930 467 4018 quisitos
482 3930 581 3997 luisse
594 3943 624 3996 et
637 3927 824 3995 combustos
833 3930 905 3990 caim
921 3924 1174 3996 roveotreotsr.
1284 3945 1289 3948 ·

94 4089 112 4162 l'
