<?xml version="1.0" encoding="UTF-8"?>
<!DOCTYPE html PUBLIC "-//W3C//DTD XHTML 1.0 Transitional//EN"
    "http://www.w3.org/TR/xhtml1/DTD/xhtml1-transitional.dtd">
<html xmlns="http://www.w3.org/1999/xhtml" xml:lang="en" lang="en">
 <head>
  <title>
</title>
<meta http-equiv="Content-Type" content="text/html;charset=utf-8" />
  <meta name='ocr-system' content='tesseract 3.04.00' />
  <meta name='ocr-capabilities' content='ocr_page ocr_carea ocr_par ocr_line ocrx_word'/>
</head>
<body>
  <div class='ocr_page' id='page_1' title='image "./theologiadogmat02fraigoog_0366.png"; bbox 0 0 3025 4725; ppageno 0'>
   <div class='ocr_carea' id='block_1_1' title="bbox 668 640 870 715">
    <p class='ocr_par' dir='ltr' id='par_1_1' title="bbox 668 640 870 715">
     <span class='ocr_line' id='line_1_1' title="bbox 668 640 870 715; baseline -0.01 0"><span class='ocrx_word' id='word_1_1' title='bbox 668 640 870 715; x_wconf 74' lang='lat' dir='ltr'><strong>-tto-</strong></span> 
     </span>
    </p>
   </div>
   <div class='ocr_carea' id='block_1_2' title="bbox 274 793 1417 2885">
    <p class='ocr_par' dir='ltr' id='par_1_2' title="bbox 274 793 1417 1817">
     <span class='ocr_line' id='line_1_2' title="bbox 277 793 1417 892; baseline -0.006 -21"><span class='ocrx_word' id='word_1_2' title='bbox 277 822 385 872; x_wconf 85' lang='lat' dir='ltr'><strong>coram</strong></span> <span class='ocrx_word' id='word_1_3' title='bbox 400 795 580 884; x_wconf 76' lang='lat' dir='ltr'><strong>discipulis,</strong></span> <span class='ocrx_word' id='word_1_4' title='bbox 599 798 668 861; x_wconf 80' lang='lat' dir='ltr'><strong>tdm</strong></span> <span class='ocrx_word' id='word_1_5' title='bbox 690 814 800 861; x_wconf 81' lang='lat' dir='ltr'><strong>coram</strong></span> <span class='ocrx_word' id='word_1_6' title='bbox 817 793 1025 860; x_wconf 85' lang='lat' dir='ltr'><strong>multitudine</strong></span> <span class='ocrx_word' id='word_1_7' title='bbox 1045 796 1255 877; x_wconf 72' lang='lat' dir='ltr'><strong>ludaeorum,</strong></span> <span class='ocrx_word' id='word_1_8' title='bbox 1412 807 1417 892; x_wconf 69' lang='lat' dir='ltr'><strong>t</strong></span> 
     </span>
     <span class='ocr_line' id='line_1_3' title="bbox 275 900 1258 975; baseline -0.004 -2"><span class='ocrx_word' id='word_1_9' title='bbox 275 914 344 975; x_wconf 78' lang='lat' dir='ltr'><strong>tum</strong></span> <span class='ocrx_word' id='word_1_10' title='bbox 360 924 470 971; x_wconf 88' lang='lat' dir='ltr'><strong>coram</strong></span> <span class='ocrx_word' id='word_1_11' title='bbox 481 900 698 967; x_wconf 82' lang='lat' dir='ltr'><strong>tribunalibus</strong></span> <span class='ocrx_word' id='word_1_12' title='bbox 721 901 859 966; x_wconf 87' lang='lat' dir='ltr'><strong>asseruit</strong></span> <span class='ocrx_word' id='word_1_13' title='bbox 871 913 903 965; x_wconf 88' lang='lat' dir='ltr'><strong>et</strong></span> <span class='ocrx_word' id='word_1_14' title='bbox 924 908 1058 967; x_wconf 78' lang='lat' dir='ltr'><strong>testatus</strong></span> <span class='ocrx_word' id='word_1_15' title='bbox 1076 910 1171 968; x_wconf 86' lang='lat' dir='ltr'><strong>estse</strong></span> <span class='ocrx_word' id='word_1_16' title='bbox 1187 916 1258 969; x_wconf 84' lang='lat' dir='ltr'><strong>esse</strong></span> 
     </span>
     <span class='ocr_line' id='line_1_4' title="bbox 277 1004 1257 1084; baseline -0.004 -6"><span class='ocrx_word' id='word_1_17' title='bbox 277 1014 381 1079; x_wconf 76' lang='lat' dir='ltr'><strong>dDeo</strong></span> <span class='ocrx_word' id='word_1_18' title='bbox 400 1008 548 1084; x_wconf 86' lang='lat' dir='ltr'><strong>missum,</strong></span> <span class='ocrx_word' id='word_1_19' title='bbox 562 1026 597 1073; x_wconf 89' lang='lat' dir='ltr'><strong>se</strong></span> <span class='ocrx_word' id='word_1_20' title='bbox 620 1026 690 1071; x_wconf 87' lang='lat' dir='ltr'><strong>esse</strong></span> <span class='ocrx_word' id='word_1_21' title='bbox 708 1004 825 1070; x_wconf 88' lang='lat' dir='ltr'><strong>Filium</strong></span> <span class='ocrx_word' id='word_1_22' title='bbox 841 1004 914 1082; x_wconf 88' lang='lat' dir='ltr'><strong>Dei,</strong></span> <span class='ocrx_word' id='word_1_23' title='bbox 933 1004 1075 1070; x_wconf 82' lang='lat' dir='ltr'><strong>divinam</strong></span> <span class='ocrx_word' id='word_1_24' title='bbox 1092 1028 1165 1074; x_wconf 87' lang='lat' dir='ltr'><strong>esse</strong></span> <span class='ocrx_word' id='word_1_25' title='bbox 1181 1009 1257 1074; x_wconf 87' lang='lat' dir='ltr'><strong>doe·</strong></span> 
     </span>
     <span class='ocr_line' id='line_1_5' title="bbox 277 1109 1259 1193; baseline -0.004 -10"><span class='ocrx_word' id='word_1_26' title='bbox 277 1118 393 1184; x_wconf 85' lang='lat' dir='ltr'><strong>trinam</strong></span> <span class='ocrx_word' id='word_1_27' title='bbox 405 1132 510 1179; x_wconf 84' lang='lat' dir='ltr'><strong>suam.</strong></span> <span class='ocrx_word' id='word_1_28' title='bbox 527 1111 656 1177; x_wconf 81' lang='lat' dir='ltr'><strong>Constat</strong></span> <span class='ocrx_word' id='word_1_29' title='bbox 665 1129 701 1175; x_wconf 88' lang='lat' dir='ltr'><strong>ex</strong></span> <span class='ocrx_word' id='word_1_30' title='bbox 720 1109 829 1175; x_wconf 84' lang='lat' dir='ltr'><strong>multis</strong></span> <span class='ocrx_word' id='word_1_31' title='bbox 846 1110 1094 1193; x_wconf 76' lang='lat' dir='ltr'><strong>Evangeliorum</strong></span> <span class='ocrx_word' id='word_1_32' title='bbox 1110 1112 1202 1179; x_wconf 90' lang='lat' dir='ltr'><strong>locis.</strong></span> <span class='ocrx_word' id='word_1_33' title='bbox 1214 1153 1259 1163; x_wconf 91' lang='lat'><em>-</em></span> 
     </span>
     <span class='ocr_line' id='line_1_6' title="bbox 276 1216 1257 1307; baseline -0.004 -17"><span class='ocrx_word' id='word_1_34' title='bbox 276 1224 359 1307; x_wconf 76' lang='lat' dir='ltr'><strong>llrgo</strong></span> <span class='ocrx_word' id='word_1_35' title='bbox 383 1220 432 1285; x_wconf 86' lang='lat' dir='ltr'><strong>vel</strong></span> <span class='ocrx_word' id='word_1_36' title='bbox 460 1218 567 1284; x_wconf 82' lang='lat' dir='ltr'><strong>divina</strong></span> <span class='ocrx_word' id='word_1_37' title='bbox 596 1229 644 1282; x_wconf 88' lang='lat' dir='ltr'><strong>est</strong></span> <span class='ocrx_word' id='word_1_38' title='bbox 674 1216 792 1299; x_wconf 80' lang='lat' dir='ltr'><strong>legatio</strong></span> <span class='ocrx_word' id='word_1_39' title='bbox 823 1228 854 1281; x_wconf 86' lang='lat' dir='ltr'><strong>el</strong></span> <span class='ocrx_word' id='word_1_40' title='bbox 875 1216 1020 1281; x_wconf 87' lang='lat' dir='ltr'><strong>doctrina</strong></span> <span class='ocrx_word' id='word_1_41' title='bbox 1044 1216 1184 1297; x_wconf 80' lang='lat' dir='ltr'><strong>Christi3</strong></span> <span class='ocrx_word' id='word_1_42' title='bbox 1208 1221 1257 1285; x_wconf 83' lang='lat' dir='ltr'><strong>vel</strong></span> 
     </span>
     <span class='ocr_line' id='line_1_7' title="bbox 277 1321 1257 1408; baseline -0.004 -13"><span class='ocrx_word' id='word_1_43' title='bbox 277 1327 452 1395; x_wconf 84' lang='lat' dir='ltr'><strong>dicendum</strong></span> <span class='ocrx_word' id='word_1_44' title='bbox 470 1337 517 1391; x_wconf 89' lang='lat' dir='ltr'><strong>est</strong></span> <span class='ocrx_word' id='word_1_45' title='bbox 528 1322 690 1389; x_wconf 74' lang='lat' dir='ltr'><strong>Christum</strong></span> <span class='ocrx_word' id='word_1_46' title='bbox 702 1321 803 1387; x_wconf 86' lang='lat' dir='ltr'><strong>fuisse</strong></span> <span class='ocrx_word' id='word_1_47' title='bbox 817 1321 992 1387; x_wconf 77' lang='lat' dir='ltr'><strong>fanaticum</strong></span> <span class='ocrx_word' id='word_1_48' title='bbox 1013 1324 1069 1408; x_wconf 89' lang='lat' dir='ltr'><strong>qui</strong></span> <span class='ocrx_word' id='word_1_49' title='bbox 1090 1344 1126 1388; x_wconf 89' lang='lat' dir='ltr'><strong>se</strong></span> <span class='ocrx_word' id='word_1_50' title='bbox 1140 1324 1172 1389; x_wconf 78' lang='lat' dir='ltr'><strong>d&#39;</strong></span> <span class='ocrx_word' id='word_1_51' title='bbox 1187 1325 1257 1391; x_wconf 84' lang='lat' dir='ltr'><strong>Deo</strong></span> 
     </span>
     <span class='ocr_line' id='line_1_8' title="bbox 275 1428 1259 1520; baseline -0.001 -23"><span class='ocrx_word' id='word_1_52' title='bbox 275 1433 467 1520; x_wconf 81' lang='lat' dir='ltr'><strong>inspiratum</strong></span> <span class='ocrx_word' id='word_1_53' title='bbox 484 1430 564 1495; x_wconf 83' lang='lat' dir='ltr'><strong>falso</strong></span> <span class='ocrx_word' id='word_1_54' title='bbox 580 1429 728 1506; x_wconf 90' lang='lat' dir='ltr'><strong>credidit,</strong></span> <span class='ocrx_word' id='word_1_55' title='bbox 742 1440 798 1493; x_wconf 87' lang='lat' dir='ltr'><strong>aut</strong></span> <span class='ocrx_word' id='word_1_56' title='bbox 820 1428 1029 1513; x_wconf 72' lang='lat' dir='ltr'><strong>impostorem</strong></span> <span class='ocrx_word' id='word_1_57' title='bbox 1043 1429 1099 1514; x_wconf 89' lang='lat' dir='ltr'><strong>qui</strong></span> <span class='ocrx_word' id='word_1_58' title='bbox 1117 1429 1259 1496; x_wconf 83' lang='lat' dir='ltr'><strong>divinam</strong></span> 
     </span>
     <span class='ocr_line' id='line_1_9' title="bbox 276 1533 1258 1620; baseline -0.002 -16"><span class='ocrx_word' id='word_1_59' title='bbox 276 1538 464 1605; x_wconf 85' lang='lat' dir='ltr'><strong>missionem</strong></span> <span class='ocrx_word' id='word_1_60' title='bbox 490 1536 640 1600; x_wconf 86' lang='lat' dir='ltr'><strong>mentitus</strong></span> <span class='ocrx_word' id='word_1_61' title='bbox 665 1547 712 1599; x_wconf 87' lang='lat' dir='ltr'><strong>est</strong></span> <span class='ocrx_word' id='word_1_62' title='bbox 729 1546 764 1600; x_wconf 90' lang='lat' dir='ltr'><strong>ut</strong></span> <span class='ocrx_word' id='word_1_63' title='bbox 779 1533 927 1599; x_wconf 88' lang='lat' dir='ltr'><strong>homines</strong></span> <span class='ocrx_word' id='word_1_64' title='bbox 955 1534 1131 1620; x_wconf 87' lang='lat' dir='ltr'><strong>deciperet.</strong></span> <span class='ocrx_word' id='word_1_65' title='bbox 1158 1537 1258 1602; x_wconf 86' lang='lat' dir='ltr'><strong>Porro</strong></span> 
     </span>
     <span class='ocr_line' id='line_1_10' title="bbox 277 1638 1258 1731; baseline -0.002 -20"><span class='ocrx_word' id='word_1_66' title='bbox 277 1644 440 1731; x_wconf 84' lang='lat' dir='ltr'><strong>duplicem</strong></span> <span class='ocrx_word' id='word_1_67' title='bbox 454 1641 538 1707; x_wconf 88' lang='lat' dir='ltr'><strong>hanc</strong></span> <span class='ocrx_word' id='word_1_68' title='bbox 551 1638 786 1727; x_wconf 83' lang='lat' dir='ltr'><strong>blasphemiam</strong></span> <span class='ocrx_word' id='word_1_69' title='bbox 803 1646 912 1727; x_wconf 78' lang='lat' dir='ltr'><strong>aperte</strong></span> <span class='ocrx_word' id='word_1_70' title='bbox 929 1638 1083 1705; x_wconf 79' lang='lat' dir='ltr'><strong>refellunt</strong></span> <span class='ocrx_word' id='word_1_71' title='bbox 1098 1641 1258 1709; x_wconf 85' lang='lat' dir='ltr'><strong>characte-</strong></span> 
     </span>
     <span class='ocr_line' id='line_1_11' title="bbox 274 1748 1098 1817; baseline -0.004 -2"><span class='ocrx_word' id='word_1_72' title='bbox 274 1748 477 1817; x_wconf 60' lang='lat' dir='ltr'><strong>&#39;resChrlsti‘</strong></span> <span class='ocrx_word' id='word_1_73' title='bbox 551 1771 555 1777; x_wconf 86' lang='grc'><em>·</em></span> <span class='ocrx_word' id='word_1_74' title='bbox 741 1754 746 1763; x_wconf 95' lang='grc'><strong><em>’</em></strong></span> <span class='ocrx_word' id='word_1_75' title='bbox 1094 1753 1098 1758; x_wconf 75' lang='grc'>’</span> 
     </span>
    </p>

    <p class='ocr_par' dir='ltr' id='par_1_3' title="bbox 277 1849 1261 2885">
     <span class='ocr_line' id='line_1_12' title="bbox 289 1849 1256 1943; baseline -0.002 -21"><span class='ocrx_word' id='word_1_76' title='bbox 289 1854 292 1863; x_wconf 79' lang='grc'><em>’</em></span> <span class='ocrx_word' id='word_1_77' title='bbox 324 1857 356 1921; x_wconf 90' lang='lat' dir='ltr'><strong>l.</strong></span> <span class='ocrx_word' id='word_1_78' title='bbox 376 1854 565 1943; x_wconf 83' lang='lat' dir='ltr'><strong>Et-primam</strong></span> <span class='ocrx_word' id='word_1_79' title='bbox 582 1854 669 1918; x_wconf 80' lang='lat' dir='ltr'><strong>certo</strong></span> <span class='ocrx_word' id='word_1_80' title='bbox 682 1849 834 1919; x_wconf 80' lang='lat' dir='ltr'><strong>refellunt</strong></span> <span class='ocrx_word' id='word_1_81' title='bbox 849 1872 976 1918; x_wconf 88' lang='lat' dir='ltr'><strong>summa</strong></span> <span class='ocrx_word' id='word_1_82' title='bbox 995 1852 1174 1940; x_wconf 85' lang='lat' dir='ltr'><strong>sapientia,</strong></span> <span class='ocrx_word' id='word_1_83' title='bbox 1193 1856 1256 1922; x_wconf 80' lang='lat' dir='ltr'><strong>eri-</strong></span> 
     </span>
     <span class='ocr_line' id='line_1_13' title="bbox 278 1959 1261 2047; baseline 0.002 -20"><span class='ocrx_word' id='word_1_84' title='bbox 278 1964 408 2047; x_wconf 87' lang='lat' dir='ltr'><strong>miaque</strong></span> <span class='ocrx_word' id='word_1_85' title='bbox 436 1960 606 2046; x_wconf 82' lang='lat' dir='ltr'><strong>prudentia</strong></span> <span class='ocrx_word' id='word_1_86' title='bbox 635 1960 766 2045; x_wconf 89' lang='lat' dir='ltr'><strong>quaein</strong></span> <span class='ocrx_word' id='word_1_87' title='bbox 795 1960 947 2025; x_wconf 84' lang='lat' dir='ltr'><strong>omnibus</strong></span> <span class='ocrx_word' id='word_1_88' title='bbox 976 1959 1046 2045; x_wconf 89' lang='lat' dir='ltr'><strong>ejus</strong></span> <span class='ocrx_word' id='word_1_89' title='bbox 1074 1962 1202 2027; x_wconf 83' lang='lat' dir='ltr'><strong>actibus</strong></span> <span class='ocrx_word' id='word_1_90' title='bbox 1230 1977 1261 2029; x_wconf 85' lang='lat' dir='ltr'><strong>et</strong></span> 
     </span>
     <span class='ocr_line' id='line_1_14' title="bbox 278 2064 1259 2135; baseline 0.003 -3"><span class='ocrx_word' id='word_1_91' title='bbox 278 2066 371 2132; x_wconf 85' lang='lat' dir='ltr'><strong>dictis</strong></span> <span class='ocrx_word' id='word_1_92' title='bbox 388 2064 720 2131; x_wconf 88' lang='lat' dir='ltr'><strong>constantereluoent.</strong></span> <span class='ocrx_word' id='word_1_93' title='bbox 745 2064 858 2130; x_wconf 80' lang='lat' dir='ltr'><strong>Paucis</strong></span> <span class='ocrx_word' id='word_1_94' title='bbox 876 2065 982 2130; x_wconf 88' lang='lat' dir='ltr'><strong>verbis</strong></span> <span class='ocrx_word' id='word_1_95' title='bbox 999 2086 1067 2130; x_wconf 89' lang='lat' dir='ltr'><strong>rem</strong></span> <span class='ocrx_word' id='word_1_96' title='bbox 1092 2067 1259 2135; x_wconf 86' lang='lat' dir='ltr'><strong>absolvere</strong></span> 
     </span>
     <span class='ocr_line' id='line_1_15' title="bbox 279 2168 1258 2259; baseline 0.004 -24"><span class='ocrx_word' id='word_1_97' title='bbox 279 2170 444 2254; x_wconf 82' lang='lat' dir='ltr'><strong>cogimur:</strong></span> <span class='ocrx_word' id='word_1_98' title='bbox 473 2168 598 2233; x_wconf 68' lang='lat' dir='ltr'><strong>sincere</strong></span> <span class='ocrx_word' id='word_1_99' title='bbox 630 2180 737 2233; x_wconf 90' lang='lat' dir='ltr'><strong>autem</strong></span> <span class='ocrx_word' id='word_1_100' title='bbox 767 2178 875 2236; x_wconf 87' lang='lat' dir='ltr'><strong>mente</strong></span> <span class='ocrx_word' id='word_1_101' title='bbox 902 2171 1152 2259; x_wconf 54' lang='lat' dir='ltr'><strong>perpendantur*</strong></span> <span class='ocrx_word' id='word_1_102' title='bbox 1169 2188 1258 2239; x_wconf 88' lang='lat' dir='ltr'><strong>actus</strong></span> 
     </span>
     <span class='ocr_line' id='line_1_16' title="bbox 277 2272 1257 2361; baseline 0.001 -20"><span class='ocrx_word' id='word_1_103' title='bbox 277 2292 511 2359; x_wconf 84' lang='lat' dir='ltr'><strong>sermonesque</strong></span> <span class='ocrx_word' id='word_1_104' title='bbox 536 2272 720 2350; x_wconf 82' lang='lat' dir='ltr'><strong>Salvatoris,</strong></span> <span class='ocrx_word' id='word_1_105' title='bbox 749 2274 862 2361; x_wconf 87' lang='lat' dir='ltr'><strong>quales</strong></span> <span class='ocrx_word' id='word_1_106' title='bbox 891 2277 923 2342; x_wconf 89' lang='lat' dir='ltr'><strong>in</strong></span> <span class='ocrx_word' id='word_1_107' title='bbox 939 2276 1109 2361; x_wconf 80' lang='lat' dir='ltr'><strong>Evangelio</strong></span> <span class='ocrx_word' id='word_1_108' title='bbox 1138 2279 1257 2344; x_wconf 82' lang='lat' dir='ltr'><strong>descri-</strong></span> 
     </span>
     <span class='ocr_line' id='line_1_17' title="bbox 278 2379 1251 2470; baseline -0.005 -18"><span class='ocrx_word' id='word_1_109' title='bbox 278 2381 413 2461; x_wconf 81' lang='lat' dir='ltr'><strong>buntur,</strong></span> <span class='ocrx_word' id='word_1_110' title='bbox 426 2379 458 2446; x_wconf 93' lang='lat' dir='ltr'><strong>in</strong></span> <span class='ocrx_word' id='word_1_111' title='bbox 473 2381 522 2447; x_wconf 88' lang='lat' dir='ltr'><strong>his</strong></span> <span class='ocrx_word' id='word_1_112' title='bbox 535 2381 700 2448; x_wconf 80' lang='lat' dir='ltr'><strong>sandnihil</strong></span> <span class='ocrx_word' id='word_1_113' title='bbox 715 2383 895 2468; x_wconf 86' lang='lat' dir='ltr'><strong>reperietur</strong></span> <span class='ocrx_word' id='word_1_114' title='bbox 907 2384 1063 2470; x_wconf 87' lang='lat' dir='ltr'><strong>praecipiti</strong></span> <span class='ocrx_word' id='word_1_115' title='bbox 1079 2385 1251 2450; x_wconf 78' lang='lat' dir='ltr'><strong>temeritate</strong></span> 
     </span>
     <span class='ocr_line' id='line_1_18' title="bbox 278 2473 1242 2567; baseline -0.008 -13"><span class='ocrx_word' id='word_1_116' title='bbox 278 2502 398 2567; x_wconf 88' lang='lat' dir='ltr'><strong>actum,</strong></span> <span class='ocrx_word' id='word_1_117' title='bbox 426 2487 507 2554; x_wconf 88' lang='lat' dir='ltr'><strong>nihil</strong></span> <span class='ocrx_word' id='word_1_118' title='bbox 539 2487 775 2554; x_wconf 75' lang='lat' dir='ltr'><strong>inconsiderato</strong></span> <span class='ocrx_word' id='word_1_119' title='bbox 791 2501 845 2552; x_wconf 86' lang='lat' dir='ltr'><strong>aut</strong></span> <span class='ocrx_word' id='word_1_120' title='bbox 869 2473 1242 2562; x_wconf 84' lang='lat' dir='ltr'><strong>incohaerenterdictum-‚</strong></span> 
     </span>
     <span class='ocr_line' id='line_1_19' title="bbox 278 2591 1249 2682; baseline -0.004 -22"><span class='ocrx_word' id='word_1_121' title='bbox 278 2593 460 2681; x_wconf 90' lang='lat' dir='ltr'><strong>nihilquod</strong></span> <span class='ocrx_word' id='word_1_122' title='bbox 478 2608 596 2661; x_wconf 86' lang='lat' dir='ltr'><strong>rectam</strong></span> <span class='ocrx_word' id='word_1_123' title='bbox 611 2593 931 2672; x_wconf 81' lang='lat' dir='ltr'><strong>offendatrationem,</strong></span> <span class='ocrx_word' id='word_1_124' title='bbox 948 2595 1028 2662; x_wconf 87' lang='lat' dir='ltr'><strong>nihil</strong></span> <span class='ocrx_word' id='word_1_125' title='bbox 1041 2592 1122 2682; x_wconf 89' lang='lat' dir='ltr'><strong>qnod</strong></span> <span class='ocrx_word' id='word_1_126' title='bbox 1133 2591 1249 2656; x_wconf 88' lang='lat' dir='ltr'><strong>mentis</strong></span> 
     </span>
     <span class='ocr_line' id='line_1_20' title="bbox 277 2685 1255 2787; baseline 0 -23"><span class='ocrx_word' id='word_1_127' title='bbox 277 2701 415 2768; x_wconf 84' lang='lat' dir='ltr'><strong>infirmae</strong></span> <span class='ocrx_word' id='word_1_128' title='bbox 432 2715 463 2768; x_wconf 91' lang='lat' dir='ltr'><strong>et</strong></span> <span class='ocrx_word' id='word_1_129' title='bbox 479 2701 690 2768; x_wconf 85' lang='lat' dir='ltr'><strong>inconstantis</strong></span> <span class='ocrx_word' id='word_1_130' title='bbox 706 2685 823 2787; x_wconf 88' lang='lat' dir='ltr'><strong>prodat</strong></span> <span class='ocrx_word' id='word_1_131' title='bbox 836 2699 1126 2785; x_wconf 83' lang='lat' dir='ltr'><strong>perturbationem.</strong></span> <span class='ocrx_word' id='word_1_132' title='bbox 1142 2701 1255 2764; x_wconf 78' lang='lat' dir='ltr'><strong>Perse-</strong></span> 
     </span>
     <span class='ocr_line' id='line_1_21' title="bbox 277 2792 1261 2885; baseline -0.002 -14"><span class='ocrx_word' id='word_1_133' title='bbox 277 2825 392 2874; x_wconf 85' lang='lat' dir='ltr'><strong>verans</strong></span> <span class='ocrx_word' id='word_1_134' title='bbox 415 2809 515 2874; x_wconf 90' lang='lat' dir='ltr'><strong>animi</strong></span> <span class='ocrx_word' id='word_1_135' title='bbox 543 2807 735 2885; x_wconf 85' lang='lat' dir='ltr'><strong>moderatio,</strong></span> <span class='ocrx_word' id='word_1_136' title='bbox 763 2804 926 2871; x_wconf 88' lang='lat' dir='ltr'><strong>humilitas</strong></span> <span class='ocrx_word' id='word_1_137' title='bbox 953 2792 1099 2871; x_wconf 83' lang='lat' dir='ltr'><strong>summos</strong></span> <span class='ocrx_word' id='word_1_138' title='bbox 1115 2806 1261 2871; x_wconf 87' lang='lat' dir='ltr'><strong>devitans</strong></span> 
     </span>
    </p>
   </div>
   <div class='ocr_carea' id='block_1_3' title="bbox 278 2911 1262 3100">
    <p class='ocr_par' dir='ltr' id='par_1_4' title="bbox 278 2911 1262 3100">
     <span class='ocr_line' id='line_1_22' title="bbox 278 2911 1262 2998; baseline 0.001 -22"><span class='ocrx_word' id='word_1_139' title='bbox 278 2911 432 2990; x_wconf 82' lang='lat' dir='ltr'><strong>honoras,</strong></span> <span class='ocrx_word' id='word_1_140' title='bbox 452 2915 603 2998; x_wconf 88' lang='lat' dir='ltr'><strong>patientia</strong></span> <span class='ocrx_word' id='word_1_141' title='bbox 622 2913 813 2979; x_wconf 89' lang='lat' dir='ltr'><strong>durissimos</strong></span> <span class='ocrx_word' id='word_1_142' title='bbox 829 2912 960 2979; x_wconf 85' lang='lat' dir='ltr'><strong>vincens</strong></span> <span class='ocrx_word' id='word_1_143' title='bbox 976 2912 1150 2991; x_wconf 83' lang='lat' dir='ltr'><strong>cruciatus,</strong></span> <span class='ocrx_word' id='word_1_144' title='bbox 1169 2912 1262 2978; x_wconf 80' lang='lat' dir='ltr'><strong>lana-</strong></span> 
     </span>
     <span class='ocr_line' id='line_1_23' title="bbox 278 3013 1260 3100; baseline 0.003 -25"><span class='ocrx_word' id='word_1_145' title='bbox 278 3014 378 3086; x_wconf 91' lang='lat' dir='ltr'><strong>ticum</strong></span> <span class='ocrx_word' id='word_1_146' title='bbox 394 3020 425 3076; x_wconf 93' lang='lat' dir='ltr'><strong>et</strong></span> <span class='ocrx_word' id='word_1_147' title='bbox 436 3013 636 3078; x_wconf 89' lang='lat' dir='ltr'><strong>insensatum</strong></span> <span class='ocrx_word' id='word_1_148' title='bbox 653 3018 730 3080; x_wconf 79' lang='lat' dir='ltr'><strong>sane</strong></span> <span class='ocrx_word' id='word_1_149' title='bbox 747 3037 811 3079; x_wconf 88' lang='lat' dir='ltr'><strong>non</strong></span> <span class='ocrx_word' id='word_1_150' title='bbox 829 3028 983 3099; x_wconf 77' lang='lat' dir='ltr'><strong>arguunt.</strong></span> <span class='ocrx_word' id='word_1_151' title='bbox 1001 3014 1064 3080; x_wconf 88' lang='lat' dir='ltr'><strong>Sed</strong></span> <span class='ocrx_word' id='word_1_152' title='bbox 1096 3015 1177 3100; x_wconf 86' lang='lat' dir='ltr'><strong>quid</strong></span> <span class='ocrx_word' id='word_1_153' title='bbox 1195 3019 1260 3080; x_wconf 77' lang='lat' dir='ltr'><strong>tam</strong></span> 
     </span>
    </p>
   </div>
   <div class='ocr_carea' id='block_1_4' title="bbox 185 3117 1260 4055">
    <p class='ocr_par' dir='ltr' id='par_1_5' title="bbox 185 3117 1260 3623">
     <span class='ocr_line' id='line_1_24' title="bbox 276 3117 1260 3204; baseline 0.004 -24"><span class='ocrx_word' id='word_1_154' title='bbox 276 3117 377 3204; x_wconf 91' lang='lat' dir='ltr'><strong>impio</strong></span> <span class='ocrx_word' id='word_1_155' title='bbox 394 3118 560 3203; x_wconf 90' lang='lat' dir='ltr'><strong>supposito</strong></span> <span class='ocrx_word' id='word_1_156' title='bbox 579 3117 783 3184; x_wconf 74' lang='lat' dir='ltr'><strong>detinemur?</strong></span> <span class='ocrx_word' id='word_1_157' title='bbox 799 3121 961 3188; x_wconf 87' lang='lat' dir='ltr'><strong>Doctrinae</strong></span> <span class='ocrx_word' id='word_1_158' title='bbox 978 3121 1094 3186; x_wconf 88' lang='lat' dir='ltr'><strong>Christi</strong></span> <span class='ocrx_word' id='word_1_159' title='bbox 1110 3121 1260 3186; x_wconf 90' lang='lat' dir='ltr'><strong>sublimi-</strong></span> 
     </span>
     <span class='ocr_line' id='line_1_25' title="bbox 185 3219 1259 3315; baseline 0.007 -30"><span class='ocrx_word' id='word_1_160' title='bbox 185 3249 186 3256; x_wconf 46' lang='lat'><em>*</em></span> <span class='ocrx_word' id='word_1_161' title='bbox 279 3235 337 3302; x_wconf 87' lang='lat' dir='ltr'><strong>tas,</strong></span> <span class='ocrx_word' id='word_1_162' title='bbox 357 3220 555 3288; x_wconf 87' lang='lat' dir='ltr'><strong>admirabilis</strong></span> <span class='ocrx_word' id='word_1_163' title='bbox 583 3219 637 3285; x_wconf 89' lang='lat' dir='ltr'><strong>ille</strong></span> <span class='ocrx_word' id='word_1_164' title='bbox 663 3222 849 3308; x_wconf 86' lang='lat' dir='ltr'><strong>complexus</strong></span> <span class='ocrx_word' id='word_1_165' title='bbox 864 3228 1052 3315; x_wconf 81' lang='lat' dir='ltr'><strong>dogmatum</strong></span> <span class='ocrx_word' id='word_1_166' title='bbox 1074 3240 1106 3292; x_wconf 92' lang='lat' dir='ltr'><strong>et</strong></span> <span class='ocrx_word' id='word_1_167' title='bbox 1125 3227 1259 3312; x_wconf 79' lang='lat' dir='ltr'><strong>legam,</strong></span> 
     </span>
     <span class='ocr_line' id='line_1_26' title="bbox 278 3327 1259 3418; baseline 0.003 -23"><span class='ocrx_word' id='word_1_168' title='bbox 278 3349 352 3414; x_wconf 81' lang='lat' dir='ltr'><strong>quse</strong></span> <span class='ocrx_word' id='word_1_169' title='bbox 372 3328 661 3395; x_wconf 87' lang='lat' dir='ltr'><strong>celeberrimorum</strong></span> <span class='ocrx_word' id='word_1_170' title='bbox 688 3327 957 3418; x_wconf 86' lang='lat' dir='ltr'><strong>philosophorum</strong></span> <span class='ocrx_word' id='word_1_171' title='bbox 991 3333 1127 3398; x_wconf 88' lang='lat' dir='ltr'><strong>inventis</strong></span> <span class='ocrx_word' id='word_1_172' title='bbox 1159 3340 1259 3418; x_wconf 73' lang='lat' dir='ltr'><strong>quam</strong></span> 
     </span>
     <span class='ocr_line' id='line_1_27' title="bbox 277 3421 1259 3516; baseline 0.005 -19"><span class='ocrx_word' id='word_1_173' title='bbox 277 3435 415 3504; x_wconf 78' lang='lat' dir='ltr'><strong>maxime</strong></span> <span class='ocrx_word' id='word_1_174' title='bbox 428 3429 590 3516; x_wconf 79' lang='lat' dir='ltr'><strong>praestant,</strong></span> <span class='ocrx_word' id='word_1_175' title='bbox 609 3421 673 3497; x_wconf 92' lang='lat' dir='ltr'><strong>non</strong></span> <span class='ocrx_word' id='word_1_176' title='bbox 696 3433 872 3503; x_wconf 85' lang='lat' dir='ltr'><strong>humanam</strong></span> <span class='ocrx_word' id='word_1_177' title='bbox 889 3440 947 3505; x_wconf 91' lang='lat' dir='ltr'><strong>sed</strong></span> <span class='ocrx_word' id='word_1_178' title='bbox 965 3439 1104 3505; x_wconf 71' lang='lat' dir='ltr'><strong>divinam</strong></span> <span class='ocrx_word' id='word_1_179' title='bbox 1117 3439 1259 3504; x_wconf 84' lang='lat' dir='ltr'><strong>auctoris</strong></span> 
     </span>
     <span class='ocr_line' id='line_1_28' title="bbox 278 3533 1158 3623; baseline 0.007 -22"><span class='ocrx_word' id='word_1_180' title='bbox 278 3535 466 3623; x_wconf 82' lang='lat' dir='ltr'><strong>sapientiam</strong></span> <span class='ocrx_word' id='word_1_181' title='bbox 484 3533 546 3598; x_wconf 77' lang='lat' dir='ltr'><strong>alte</strong></span> <span class='ocrx_word' id='word_1_182' title='bbox 556 3535 767 3620; x_wconf 85' lang='lat' dir='ltr'><strong>proclamant.</strong></span> <span class='ocrx_word' id='word_1_183' title='bbox 1155 3537 1158 3543; x_wconf 73' lang='grc'><em>’</em></span> 
     </span>
    </p>

    <p class='ocr_par' dir='ltr' id='par_1_6' title="bbox 273 3637 1260 4055">
     <span class='ocr_line' id='line_1_29' title="bbox 322 3637 1259 3734; baseline 0.012 -29"><span class='ocrx_word' id='word_1_184' title='bbox 322 3641 356 3705; x_wconf 76' lang='grc'><strong>2.</strong></span> <span class='ocrx_word' id='word_1_185' title='bbox 370 3639 460 3705; x_wconf 89' lang='lat' dir='ltr'><strong>llaud</strong></span> <span class='ocrx_word' id='word_1_186' title='bbox 477 3637 584 3708; x_wconf 84' lang='lat' dir='ltr'><strong>mimis</strong></span> <span class='ocrx_word' id='word_1_187' title='bbox 601 3642 789 3733; x_wconf 87' lang='lat' dir='ltr'><strong>imposturae</strong></span> <span class='ocrx_word' id='word_1_188' title='bbox 805 3651 902 3734; x_wconf 77' lang='lat' dir='ltr'><strong>quim</strong></span> <span class='ocrx_word' id='word_1_189' title='bbox 913 3649 1044 3716; x_wconf 80' lang='lat' dir='ltr'><strong>fanatici</strong></span> <span class='ocrx_word' id='word_1_190' title='bbox 1055 3651 1173 3716; x_wconf 84' lang='lat' dir='ltr'><strong>erroris</strong></span> <span class='ocrx_word' id='word_1_191' title='bbox 1186 3671 1259 3716; x_wconf 89' lang='lat' dir='ltr'><strong>sus·</strong></span> 
     </span>
     <span class='ocr_line' id='line_1_30' title="bbox 277 3743 1260 3843; baseline 0.008 -31"><span class='ocrx_word' id='word_1_192' title='bbox 277 3743 437 3836; x_wconf 85' lang='lat' dir='ltr'><strong>picionem</strong></span> <span class='ocrx_word' id='word_1_193' title='bbox 454 3767 527 3813; x_wconf 88' lang='lat' dir='ltr'><strong>oum</strong></span> <span class='ocrx_word' id='word_1_194' title='bbox 540 3748 669 3819; x_wconf 80' lang='lat' dir='ltr'><strong>fastidio</strong></span> <span class='ocrx_word' id='word_1_195' title='bbox 686 3753 813 3842; x_wconf 87' lang='lat' dir='ltr'><strong>repellit</strong></span> <span class='ocrx_word' id='word_1_196' title='bbox 829 3775 932 3834; x_wconf 88' lang='lat' dir='ltr'><strong>mens,</strong></span> <span class='ocrx_word' id='word_1_197' title='bbox 952 3778 1017 3822; x_wconf 95' lang='lat' dir='ltr'><strong>non</strong></span> <span class='ocrx_word' id='word_1_198' title='bbox 1036 3754 1184 3843; x_wconf 85' lang='lat' dir='ltr'><strong>dicopia,</strong></span> <span class='ocrx_word' id='word_1_199' title='bbox 1196 3757 1260 3821; x_wconf 90' lang='lat' dir='ltr'><strong>scd</strong></span> 
     </span>
     <span class='ocr_line' id='line_1_31' title="bbox 273 3851 1260 3940; baseline 0.01 -24"><span class='ocrx_word' id='word_1_200' title='bbox 273 3851 430 3940; x_wconf 80' lang='lat' dir='ltr'><strong>tantisper</strong></span> <span class='ocrx_word' id='word_1_201' title='bbox 449 3863 573 3922; x_wconf 90' lang='lat' dir='ltr'><strong>sensata</strong></span> <span class='ocrx_word' id='word_1_202' title='bbox 585 3871 616 3923; x_wconf 84' lang='lat' dir='ltr'><strong>et</strong></span> <span class='ocrx_word' id='word_1_203' title='bbox 628 3867 761 3924; x_wconf 87' lang='lat' dir='ltr'><strong>attenta.</strong></span> <span class='ocrx_word' id='word_1_204' title='bbox 781 3858 935 3929; x_wconf 85' lang='lat' dir='ltr'><strong>Voluntas</strong></span> <span class='ocrx_word' id='word_1_205' title='bbox 952 3859 1097 3940; x_wconf 78' lang='lat' dir='ltr'><strong>fallendi,</strong></span> <span class='ocrx_word' id='word_1_206' title='bbox 1118 3860 1260 3926; x_wconf 83' lang='lat' dir='ltr'><strong>latentur</strong></span> 
     </span>
     <span class='ocr_line' id='line_1_32' title="bbox 277 3954 1256 4055; baseline 0.006 -29"><span class='ocrx_word' id='word_1_207' title='bbox 277 3981 401 4042; x_wconf 89' lang='lat' dir='ltr'><strong>omnes,</strong></span> <span class='ocrx_word' id='word_1_208' title='bbox 418 3961 550 4031; x_wconf 85' lang='lat' dir='ltr'><strong>subesse</strong></span> <span class='ocrx_word' id='word_1_209' title='bbox 561 3985 624 4031; x_wconf 93' lang='lat' dir='ltr'><strong>non</strong></span> <span class='ocrx_word' id='word_1_210' title='bbox 636 3973 739 4052; x_wconf 88' lang='lat' dir='ltr'><strong>potest</strong></span> <span class='ocrx_word' id='word_1_211' title='bbox 748 3986 822 4032; x_wconf 87' lang='lat' dir='ltr'><strong>cum</strong></span> <span class='ocrx_word' id='word_1_212' title='bbox 835 3972 908 4034; x_wconf 79' lang='lat' dir='ltr'><strong>vera</strong></span> <span class='ocrx_word' id='word_1_213' title='bbox 922 3969 1039 4055; x_wconf 87' lang='lat' dir='ltr'><strong>pietate</strong></span> <span class='ocrx_word' id='word_1_214' title='bbox 1048 3987 1124 4054; x_wconf 75' lang='lat' dir='ltr'><strong>erga</strong></span> <span class='ocrx_word' id='word_1_215' title='bbox 1136 3954 1256 4046; x_wconf 84' lang='lat' dir='ltr'><strong>Deum,</strong></span> 
     </span>
    </p>
   </div>
   <div class='ocr_carea' id='block_1_5' title="bbox 0 0 1519 4725">
    <p class='ocr_par' dir='ltr' id='par_1_7' title="bbox 0 0 1519 4725">
     <span class='ocr_line' id='line_1_33' title="bbox 0 0 1519 4725; baseline 0 0"><span class='ocrx_word' id='word_1_216' title='bbox 0 0 1519 4725; x_wconf 95' lang='lat' dir='ltr'><strong> </strong></span> 
     </span>
    </p>
   </div>
  </div>
 </body>
</html>
